2760 4816
583 427 750 469 ruarmo.
1185 419 1200 466 3

139 534 256 608 retulit
270 536 409 606 nomina
424 536 458 604 in
473 534 673 629 prelatione
687 537 840 632 (Lipsiae,
861 537 988 627 1860);
1008 537 1096 607 inter
1110 561 1197 632 quos

72 761 73 765 Ἰ
140 667 357 762 potissimum
383 666 627 739 memorandus
647 681 699 740 est
713 668 905 756 Faurielus,
932 679 1049 762 utpote
1064 670 1198 763 primus

140 800 333 870 carminum
356 798 577 894 popularium
597 802 766 896 interpres
784 811 818 870 et
839 811 1003 895 tanquam
1026 801 1198 892 inventor,

139 955 248 1026 quum
262 929 397 1027 pridem
412 931 455 1004 ad
480 931 682 1005 aestimanda
703 932 764 1004 illa
781 934 891 1003 Graeci
913 933 980 1027 ipsi
1002 932 1197 1030 frigidiores

139 1085 176 1132 se
198 1062 437 1158 praebuissent.
460 1065 567 1160 CuJ'us
588 1062 783 1160 exemplum
806 1067 993 1159 Europaeos
1014 1067 1142 1160 pariter
1164 1078 1199 1137 et

139 1194 278 1265 Graecos
299 1194 409 1265 movit
431 1205 470 1265 ut
484 1201 559 1290 jam
581 1218 668 1266 nova
694 1196 848 1266 carmina
870 1195 1088 1293 colligerent,
1114 1221 1198 1268 non-

138 1327 243 1399 nullis
264 1326 438 1400 interdum
463 1329 499 1398 in
528 1350 711 1400 numerum
728 1334 876 1424 receptis
897 1352 976 1424 quae
996 1353 1016 1400 a
1037 1328 1198 1426 populari

136 1459 268 1531 ratione
299 1459 442 1530 omnino
477 1458 665 1530 abhorrent
692 1488 699 1530 :
728 1459 821 1554 quod
842 1458 984 1555 quidem
1016 1460 1109 1556 apud
1133 1444 1214 1534 no-¹

137 1602 278 1662 stratam
297 1592 349 1660 De
370 1587 556 1660 Marcellus
580 1589 733 1661 crebrius
760 1591 882 1662 vitium
909 1593 983 1687 ipse
1013 1594 1198 1665 Passovius

136 1747 203 1795 non
221 1723 364 1820 elingit3
392 1746 454 1793 nec
479 1721 572 1816 apud
595 1721 757 1794 eumdem
776 1734 871 1793 extra
899 1746 1038 1793 omnem
1059 1724 1196 1820 culpam

135 1856 320 1929 verborum
335 1854 581 1951 orthographia
595 1868 648 1926 est
666 1854 720 1925 vel
734 1856 982 1950 interpretatio.

184 1994 227 2063 Et
249 1988 378 2062 inedita
397 1986 557 2084 quaedam
585 1989 717 2082 passim
744 1989 797 2058 vel
820 1991 856 2059 in
879 1988 1078 2085 Appendice
1103 1991 1196 2062 inve·
1235 2091 1237 2098 y

135 2129 231 2215 nies,
252 2149 360 2221 quern
383 2124 457 2219 ipse
480 2147 543 2218 pro
558 2133 655 2217 parte
670 2147 747 2195 mea
770 2149 788 2195 e
808 2124 952 2196 diversis
976 2129 1119 2198 Graeciae
1144 2151 1196 2198 re·

132 2263 293 2361 gionibus
317 2262 470 2332 carmina
484 2256 692 2354 collegerim.

181 2394 300 2462 Restat
322 2403 361 2462 ut
388 2400 544 2483 exoptem
568 2410 612 2458 ne
643 2387 855 2485 longioribus
881 2393 987 2463 moris
1019 2416 1082 2465 nos
1109 2391 1194 2464 deti-

132 2537 212 2595 neat
228 2522 448 2596 doctissimus
466 2523 519 2593 vir
532 2523 664 2592 Brunet
684 2519 728 2592 de
750 2522 885 2610 Prcsle‚
912 2522 1005 2596 idern
1031 2526 1066 2595 in
1088 2525 1191 2597 rebus

131 2659 332 2732 recentioris
353 2659 496 2730 Graeciae
517 2653 798 2743 versatissimus,
827 2657 887 2749 qui
910 2655 1010 2727 nohis
1035 2679 1132 2726 novae
1157 2667 1191 2728 et

130 2794 295 2864 auctioris
310 2789 537 2863 Faurielianae
547 2784 800 2859 cantilenarum
815 2811 1008 2884 graeoarum
1030 2788 1189 2861 editionis
1286 2820 1290 2826 ·

125 2921 334 3018 jamdudum
350 2944 447 3016 spem
463 2920 556 2990 fecit.
