2760 4816
152 391 186 440 36
366 431 367 434 ,
447 397 486 438 ΒΕ
505 395 718 438 Poruunuleus
737 393 923 438 currimus.

207 545 320 633 βροχῆς
341 544 457 616 πολλῆς
482 579 526 589 -
550 529 705 630 ῥαγδαίων
724 542 831 606 ὑετῶν.

132 651 139 679 ’
203 665 449 758 ὁλοστρόγγολος
467 695 520 707 -
539 651 716 738 ἑλικοειδής.

201 787 242 857 τὰ
256 788 401 882 κοντοὶριοι
419 786 641 859 ἐτοοοιίοθηκαν
661 820 714 831 -
732 784 771 853 τοι
791 778 914 878 δόρατα
932 787 1087 880 κατεάγει.

205 917 293 1006 μέχρι
315 913 367 979 καὶ
395 920 456 977 τῶν
490 908 640 1001 κεραμίων
668 913 769 976 αὐτῶν
798 943 851 954 --
873 909 920 987 εἰς
948 902 1087 1003 διώροριί
1108 934 1142 974 τι
1171 911 1225 977 καὶ

153 1041 316 1132 τριώροφα.

202 1158 280 1236 ἦσαν
300 1150 335 1225 δὲ
350 1151 508 1224 rouddrud
524 1157 575 1223 καὶ
592 1152 685 1251 σαγιὰ
704 1155 854 1240 μαλιτοιοὶ
872 1192 925 1206 -
943 1154 1020 1230 ἦσαν
1040 1203 1049 1221 .
1066 1204 1075 1221 .
1093 1204 1102 1220 .
1124 1160 1224 1250 πήρας

154 1286 237 1362 ἐντὸς
255 1284 307 1351 καὶ
326 1283 369 1361 dc<
388 1281 628 1375 πηγεσίριαλλος.
712 1326 716 1331 -

204 1408 245 1488 εἰς
266 1407 379 1498 βότρυν
399 1395 559 1498 ἀγοορίδος
585 1404 745 1495 redierim
772 1407 842 1498 εὕρῃ
862 1430 909 1481 τις
937 1402 1009 1497 ροιὰν
1030 1410 1129 1497 ρῶγοιν
1156 1408 1225 1495 ὥρι-

152 1559 208 1626 μον
239 1565 284 1578 -
307 1535 337 1597 ἐν
352 1534 478 1605 πολλοῖς
497 1519 612 1619 ὅριροιξι
629 1525 700 1621 μίαν
716 1532 796 1622 ῥᾶγα
815 1529 1018 1596 πεπανθεῑσαν
1034 1527 1122 1620 μόλις
1135 1529 1224 1620 εὑρή-

151 1683 196 1724 οιι
214 1682 273 1734 τις.

163 1824 166 1829 -
202 1783 257 1853 τὴν
279 1778 333 1868 μὲν
352 1774 473 1849 ἡλικίαν
491 1775 600 1843 κοντόν
622 1808 674 1818 -
690 1775 805 1868 βραχὺν
822 1778 859 1842 τὸ
874 1767 982 1865 δέρας.

205 1905 237 1969 τί
260 1902 310 1968 ἵνα
335 1899 509 1994 γενώμεθα;
544 1909 603 1966 ποῦ
633 1900 683 1964 ἵνα
710 1899 923 1992 rependentem
943 1933 995 1944 -
1019 1899 1097 1977 τίνες
1127 1899 1224 1992 γινοί-

154 2025 249 2118 ριεθοι;
273 2031 330 2092 ποῖ
351 2022 560 2118 τραποίμεθα;

205 2154 275 2218 ὅσον
291 2152 334 2242 μὴ
348 2141 450 2226 σώζειν
464 2146 596 2241 σαγίταν
615 2183 659 2197 «-
681 2150 722 2238 μὴ
744 2150 852 2233 βέλους
872 2154 967 2236 ἐντός,
982 2174 1009 2214 ιι.
1024 2173 1053 2213 τ.
1067 2154 1098 2213 λ.
1116 2193 1145 2213 ..
1163 2195 1170 2208 .

202 2361 288 2447 Quae
305 2354 446 2453 quidem
461 2354 658 2452 perlegens,
679 2352 806 2426 adultae
817 2362 890 2452 jum
906 2357 989 2428 etin
1007 2354 1146 2452 publico
1158 2379 1225 2427 usu

152 2482 310 2581 regnanti
335 2476 499 2578 populari
517 2479 645 2576 linguae
666 2478 896 2575 obloquentes
916 2480 1037 2553 audire
1060 2480 1145 2552 mihi
1171 2481 1225 2551 vi·

155 2605 239 2679 deor
272 2617 307 2677 et
333 2605 432 2701 quasi
461 2601 707 2675 interdicentes
736 2605 766 2674 ei
795 2603 941 2694 littere,
978 2609 1103 2678 veteris
1132 2607 1227 2680 illius

155 2727 375 2802 aemulatores
390 2726 529 2823 linguae,
546 2727 686 2822 inques
705 2750 803 2818 sane,
825 2729 853 2799 si
871 2731 1014 2801 Graeriae
1028 2730 1226 2801 recentioris

152 2861 271 2950 jacent
291 2848 428 2937 litterae,
462 2851 511 2919 ita
543 2860 583 2920 ut
608 2848 784 2921 nonnullis
819 2852 879 2947 qui
907 2851 949 2924 de
976 2854 1110 2924 Graeeie
1139 2852 1228 2924 mule

155 2974 302 3047 ominari
321 2971 487 3070 gaudent,
510 2971 580 3043 ille
600 2974 636 3043 in
654 2987 833 3069 posterum
851 2977 955 3047 etiam
972 2975 1163 3073 desperatae
1180 2979 1228 3048 vi·

155 3098 303 3171 deantur
320 3096 417 3192 (narn
437 3118 479 3168 ne
495 3096 563 3194 ipsi
583 3096 726 3193 quidem
740 3098 878 3194 incepto
901 3124 963 3173 suo
983 3100 1226 3193 suffecerunt),

157 3229 324 3320 majorem
341 3221 456 3318 culpae
471 3233 608 3318 partem
625 3219 749 3293 cadere
773 3245 910 3320 aequum
929 3236 995 3295 est.
