2760 4816
208 385 223 433 2
662 391 825 432 nummio.

212 517 246 572 et
270 525 385 573 aureae
408 502 603 596 priscorum
632 514 829 597 temporum
857 501 1107 598 hominumque
1132 504 1277 574 sinceri-

211 635 273 705 tati
292 635 476 730 proxima:
494 631 587 729 quod
606 633 747 730 quidem
770 634 814 707 oh
845 633 987 707 felicem
1008 647 1167 706 naturam
1193 661 1279 734 gen·

212 768 257 839 tis
270 767 402 862 pariter
418 789 459 836 ac
473 763 558 836 rude
574 777 607 836 et
620 764 824 862 depressum
840 766 980 839 vivendi
995 791 1104 864 genus
1118 768 1276 864 contigit.

210 898 376 974 Nonnihil
398 899 501 968 etiam
528 896 571 968 de
593 898 713 994 lingua
743 900 916 995 populari,
947 899 1001 970 cui
1035 899 1149 970 minus
1176 922 1278 994 aequo

211 1032 326 1101 lavere
345 1032 544 1100 Graecorum
566 1029 784 1103 doctissimos
810 1031 969 1103 videbam
993 1032 1054 1127 qui
1069 1031 1196 1128 linguae
1215 1056 1278 1104 ve·

210 1165 293 1236 teris
318 1162 520 1260 reparanda
541 1162 655 1234 studio
677 1162 886 1260 jamdudum
910 1162 1079 1235 laborant.
1106 1166 1277 1237 Carmini-

210 1297 275 1368 bus
301 1308 416 1368 autem
436 1299 523 1367 sciat
535 1298 662 1388 inesse,
690 1297 750 1392 qui
769 1295 869 1392 leget,
895 1319 1031 1367 merum
1056 1297 1175 1391 populi
1198 1320 1279 1368 ser-

209 1452 368 1513 monem,
392 1428 486 1524 quali
517 1428 673 1525 quotidie
702 1429 872 1517 homines,
904 1439 1028 1523 prater
1055 1433 1275 1525 λογιωτάτους,

209 1584 368 1644 utuntur.

256 1708 409 1775 AEtatem
444 1700 656 1772 carminibus
687 1692 816 1772 certam
853 1696 1062 1774 constituere
1092 1701 1270 1776 difficilius
1308 1686 1312 1694 ⁶

209 1849 299 1927 erat,
329 1834 440 1932 quod,
471 1837 499 1906 si
525 1834 708 1930 Klephtica
738 1836 912 1935 excipias,
943 1834 1078 1907 nullum
1105 1841 1275 1934 temporis

209 1966 395 2038 discrimen
420 1966 552 2037 iaciunt
578 1977 638 2036 aut
665 1989 720 2037 res
743 1989 820 2061 quae
849 1977 1046 2055 narrantur,
1074 1979 1133 2038 aut
1165 1969 1276 2063 ipsius

209 2099 337 2196 eloquii
351 2097 458 2171 color.
472 2101 617 2187 Tamen,
639 2123 703 2170 nec
724 2111 875 2194 quatuor
886 2099 1014 2171 abhinc
1037 2107 1098 2173 a'ut
1119 2102 1275 2196 quinque

212 2232 330 2306 secula
358 2243 523 2328 superant
546 2232 799 2304 cantilenarum
828 2242 907 2329 q'uae
937 2236 1081 2306 suntin
1117 2236 1277 2311 manibus

209 2368 465 2453 vetustissima,
488 2388 552 2435 nec
566 2388 690 2436 rursus
708 2375 788 2436 ante
803 2365 864 2437 illa
882 2378 1034 2462 quatuor
1048 2380 1108 2439 aut
1122 2370 1276 2465 quinque

210 2493 327 2574 secula
346 2501 472 2571 multas
487 2496 686 2593 provenisse
699 2500 736 2569 in
755 2497 862 2571 dubio
877 2523 950 2572 esse
964 2513 1092 2596 potest,
1115 2505 1276 2598 quamvis

211 2637 343 2732 antiqui
376 2659 439 2706 uos
464 2635 512 2704 rei
544 2635 707 2705 certiores
731 2634 845 2706 facere
874 2659 981 2731 prope
1015 2636 1215 2727 omiserint,
1242 2647 1276 2710 et

210 2771 352 2843 omnino
374 2769 545 2840 tacuerint
565 2771 757 2864 Byzantini.
784 2769 882 2863 Apud
904 2771 967 2842 hos
990 2783 1106 2842 tamen
1136 2775 1276 2868 paucis-

211 2905 299 2976 sima
334 2923 411 2996 quae
455 2911 643 2994 supersunt
686 2901 938 2975 cantilenarum
977 2905 1120 3001 vestigia
1159 2907 1271 2978 retuli.

212 3040 288 3107 lam
316 3056 396 3103 vero
428 3030 471 3102 de
509 3030 736 3127 popularibus
773 3029 865 3127 apud
887 3034 1061 3129 antiquos
1095 3038 1274 3112 cantilenis

213 3178 370 3247 veterum
389 3176 424 3236 et
439 3165 586 3235 maxime
604 3163 761 3237 Athenai
789 3165 984 3236 testimonia
1006 3179 1165 3240 nostrum
1185 3194 1274 3266 opu-

214 3301 349 3374 seulum
374 3296 571 3396 absolvunt.

209 3468 215 3472 ·
263 3432 411 3506 Multum
431 3432 514 3503 mihi
535 3431 666 3527 proluit
685 3433 807 3502 Herm.
834 3431 1002 3502 Koesterii
1023 3430 1066 3504 de
1088 3432 1274 3506 Cantilenis

203 3574 368 3641 ''ietorum
385 3568 585 3638 Graecorum
600 3563 808 3654 dissertatio,
829 3562 963 3655 Berol.,
985 3565 1090 3653 1831,
1106 3589 1127 3635 a
1147 3566 1273 3662 quode

212 3691 465 3807 re'diliganter‘
491 3702 728 3798 disputatum,
760 3701 1041 3799 necquidquam
1071 3724 1090 3773 e
1118 3714 1274 3775 veterum

215 3834 421 3907 testimoniis
440 3833 606 3904 omissum
629 3845 692 3922 cst,
712 3832 805 3928 quod
825 3832 869 3904 ad
887 3856 1028 3910 causam
1045 3831 1186 3906 iaceret.

260 3974 432 4042 Praeterea
445 3969 481 4039 in
493 3981 654 4064 promptu
670 3968 825 4039 Passovii
835 3991 923 4064 opus
936 3967 1058 4058 habui,
1074 3970 1135 4064 qui
1149 3970 1275 4042 carmi-

215 4085 532 4198 numlocupletem
555 4102 689 4197 copiam
713 4100 869 4173 cmultis
889 4103 1103 4197 comparavit
1124 4127 1272 4199 quorum
