2760 4816
60 465 64 472 Ι
167 395 200 444 38
456 406 494 446 uu
513 403 715 446 roruniarnus
730 403 940 445 uncsurroaun

166 536 274 605 menti
304 534 426 606 fuisset
453 535 566 605 resin
595 531 748 620 artibus,
773 532 910 621 litteris,
940 542 973 602 et
995 531 1232 618 institutione,

166 658 233 728 nisi
254 681 330 730 eam
350 681 463 730 mores
486 669 612 754 sponte
637 681 699 728 sua
718 655 971 753 protulissent?
994 657 1152 752 Namque
1172 654 1232 728 ubi

163 779 288 854 desunt
314 806 376 854 seu
405 781 665 879 peregrinorum
688 793 868 875 poetarum
897 779 968 851 sive
989 778 1232 876 indigenarum

162 907 393 1002 exemplaria,
424 904 552 1001 quibus
590 904 734 1000 quidem
768 902 877 1000 adjuti
919 905 1000 976 novi
1032 905 1232 976 exoriantur

161 1042 284 1125 poetae,
318 1043 378 1103 aut
406 1041 509 1126 poeta
532 1032 673 1102 exsistet
695 1026 831 1113 nullus,
867 1040 926 1099 aut
948 1039 1039 1099 certe
1061 1025 1231 1123 populum

161 1153 227 1225 sibi
241 1154 447 1248 magistrum
466 1153 592 1225 habeat
604 1176 744 1224 necesse
760 1163 825 1241 est,
842 1158 942 1248 cujus
956 1149 1126 1247 quidquid
1142 1175 1232 1224 vena

159 1277 374 1350 inconditum
402 1277 583 1363 effuderit,
609 1289 682 1348 arte
702 1288 736 1348 et
758 1274 928 1348 industria
952 1289 986 1348 et
1008 1275 1231 1350 meditatione

159 1400 234 1496 ipse
267 1414 301 1473 et
335 1413 477 1474 exornet
505 1413 540 1489 et
571 1412 707 1498 augeat.
747 1404 776 1471 A
812 1401 932 1494 primis
958 1401 1063 1496 igitur
1100 1411 1232 1496 tempo-

161 1525 260 1596 ribus
286 1527 394 1598 Graeci
424 1549 487 1622 per
522 1548 558 1596 se
594 1525 689 1621 ipsos
720 1524 795 1596 sine
824 1536 916 1615 arte,
950 1525 1024 1596 sine
1053 1521 1227 1619 exemplo,

160 1652 316 1722 fecerunt
341 1648 377 1721 id
395 1649 488 1745 quod
510 1660 630 1744 postea
656 1647 852 1743 insignibus
875 1649 1022 1745 ingeniis
1050 1647 1228 1720 excultum

157 1773 201 1844 ad
230 1798 407 1847 summum
440 1773 619 1870 dignitatis
647 1770 793 1868 gradum
823 1783 1025 1868 proveetum
1049 1784 1113 1844 est.
1142 1775 1228 1861 Quae

158 1895 315 1990 quidem,
341 1921 452 1993 quum
472 1896 588 1968 effusa
606 1897 641 1968 in
665 1918 768 1968 auras
797 1919 861 1968 nec
891 1896 1016 1968 litteris
1045 1895 1225 1988 mandata,

160 2021 283 2116 paucis
300 2021 468 2118 exceptis,
488 2020 695 2111 interierint,
720 2018 857 2093 diversa
877 2027 990 2092 tamen
1019 2021 1225 2117 scriptorum

159 2146 358 2217 testimonia
384 2145 483 2218 nobis
510 2167 611 2241 opem
638 2145 769 2234 ferunt,
794 2144 1028 2240 etprohihent
1054 2147 1140 2240 quin
1156 2144 1228 2217 for·

156 2251 233 2340 mas
255 2281 289 2341 et
312 2292 438 2366 genera
459 2268 681 2365 popularium
704 2268 957 2341 cantilenarum
973 2270 1115 2367 penitus
1133 2270 1228 2368 igno

156 2373 295 2464 remus

157 2524 160 2552 ³
207 2512 351 2587 Minime
370 2538 490 2587 rerum
507 2539 620 2612 operae
634 2517 784 2611 pretium
803 2516 877 2588 fore
897 2516 1057 2606 arbitror,
1077 2517 1227 2591 obscura

159 2641 409 2714 cantilenarum
430 2665 507 2737 quac
533 2641 606 2713 sola
624 2641 832 2739 plerumque
860 2654 997 2715 exstant
1014 2644 1157 2715 nomina
1175 2666 1225 2716 re·

158 2748 263 2856 ferre,
285 2745 422 2862 etquid
451 2768 556 2840 Linus
579 2781 639 2839 aut
660 2769 853 2864 Lityerses,
875 2767 959 2865 quid
981 2768 1089 2840 dietis
1117 2781 1151 2840 et
1177 2771 1227 2842 la·

159 2892 271 2961 ternus
285 2889 337 2985 (1)
355 2901 389 2959 et
412 2889 487 2960 aliae
505 2888 548 2960 de
565 2889 691 2984 quibus
705 2914 830 2986 parum
850 2905 1002 2978 constat,
1021 2891 1086 2964 sibi
1105 2890 1224 2966 volue-

158 3014 241 3104 rint,
263 3012 458 3085 disserere:
476 3019 624 3109 quarum
647 3012 724 3083 aliae
740 3016 879 3087 moerori
894 3016 1026 3114 pariter
1043 3027 1076 3087 et
1097 3016 1223 3089 laetitiae

158 3139 410 3237 conviviisque,
429 3148 469 3209 ut
482 3137 602 3226 Linus,
623 3150 705 3233 apta
721 3151 844 3210 erant:

162 3419 166 3428 ,,
185 3394 187 3398 ⁴
237 3361 342 3430 Τοῒσιν
363 3348 393 3421 δ’
412 3361 440 3424 ἐν
461 3357 688 3448 μέσσοισεπάϊς
703 3357 849 3449 φόρμιγγι
863 3357 960 3450 λιγείῃ

227 3481 352 3572 7ἱμερόεν
368 3473 514 3574 κιθάριζε·
531 3480 598 3548 tto
609 3506 649 3548 ον
670 3472 700 3546 δ’
715 3481 775 3548 ὑπὸ
793 3481 886 3548 καλὸν
902 3473 1001 3551 ἄειδεν

190 3692 226 3756 (1)
243 3691 315 3745 Λίνος
327 3688 353 3738 δὲ
369 3692 411 3737 ιιαὶ
428 3675 519 3743 estivo(
535 3687 564 3736 οὐ
584 3686 658 3751 μόνον
671 3686 695 3736 ἐν
715 3687 833 3748 πένθεσιν,
854 3688 967 3738 ἀλλὰκαὶ
984 3687 1020 3739 ἐπ’
1033 3692 1122 3757 εὐτυχῇ
1145 3695 1225 3759 μολπῇ

157 3775 304 3842 (Amemus,
315 3785 373 3832 nv,
387 3771 456 3836 618).
466 3797 500 3807 -
514 3769 687 3827 Ἀποθανόντος
699 3769 726 3820 δὲ
740 3768 785 3823 τοῦ
799 3770 921 3832 diceresed
935 3771 973 3822 ἐπ’
984 3772 1052 3838 αὐτῷ
1065 3775 1153 3833 πένθος
1165 3778 1229 3838 dett.

152 3866 226 3927 θεν...
245 3859 366 3925 (Parrum,
384 3868 424 3916 11,
435 3857 487 3920 29).
502 3883 535 3892 -
550 3856 683 3920 ’tatinum
697 3857 746 3908 τῶν
758 3855 862 3922 θρήνων,
876 3856 925 3907 ἀπὸ
940 3858 1052 3924 'letinae
1063 3864 1106 3924 τῇς
1124 3862 1228 3914 nutrc-

155 3962 202 4004 πης
215 3945 257 3994 καὶ
272 3943 441 3998 Ἀπόλλωνος·
458 3938 521 3996 τινὲς
541 3938 567 3988 δὲ
584 3937 673 3991 τοῦτον
696 3939 737 3990 τὸν
761 3940 836 3992 αὐτὸν
859 3942 1060 4006 addiscendis
1079 3939 1106 3992 ὃν
1127 3944 1168 3993 καὶ
1189 3944 1227 3995 ἐπὶ

154 4029 238 4095 θρήνῳ
251 4024 468 4090 λέγουσνν(8ε1ιοὶ.
482 4025 512 4074 ad
524 4023 645 4091 Euripidis
663 4024 780 4074 Orestem.
807 4028 891 4091 1391).
903 4040 937 4065 -’-
956 4017 1004 4076 5ltu
1016 4027 1043 4076 δὲ
1057 4025 1099 4079 καὶ
1120 4027 1159 4078 ἐπὶ
1176 4032 1228 4085 ταῖς

162 4114 267 4182 ‘Emptos
278 4129 329 4174 τις,
351 4111 389 4162 ἐπὶ
410 4109 537 4178 Ἐριγόνῃ,
552 4106 636 4170 ἦνκαὶ
650 4111 738 4169 Ἆλῆτιν
750 4109 861 4172 λέγουσιν
874 4113 937 4178 ᾠδήν
952 4110 1058 4175 (Athen,
1072 4125 1129 4174 xlv,
1141 4116 1209 4178 619).
