2760 4816
218 374 249 436 t't
489 395 528 437 nn
546 395 755 438 concinamus
774 392 992 439 nncrnrroauur

215 547 265 591 me
277 529 424 609 anguium
438 531 597 591 custodem
610 528 740 591 instituit
753 529 874 591 Charon
886 549 894 605 ;

215 634 246 689 et
259 628 444 708 pabulantur
456 627 579 707 quidem
593 641 713 698 omues,
730 636 760 688 et
779 645 886 690 omnes
901 627 997 708 frigus
1011 634 1146 710 captant,

215 731 328 806 praeter
344 742 449 797 unum,
462 731 491 786 et
507 725 682 800 immanem,
701 725 916 787 immaniorem
930 725 1052 803 ceteris,

215 822 266 906 qui
280 838 330 884 me
346 839 442 900 usque
455 820 627 894 comitatur,
642 828 674 883 et
686 820 843 884 dormiens
857 822 988 884 accubat
999 821 1097 892 lateri,

215 926 247 982 et
259 919 304 980 his
315 919 346 979 in
361 917 496 980 crinibus
509 918 687 994 nidificabit,

215 1025 247 1079 et
260 1013 393 1077 formido
407 1032 445 1076 ne
458 1023 564 1096 postea
578 1018 726 1078 miserum
738 1035 787 1079 me
800 1016 955 1078 comedat.

215 1242 290 1322 Εδὼ
307 1256 341 1321 σὲ
359 1259 485 1334 ταύταις
506 1257 573 1333 ταὶς
591 1257 697 1336 αὐλαὶς
716 1257 784 1334 ταὶς
802 1257 1153 1349 μαρμαραστρωμέναις,

215 1369 276 1445 edu
290 1384 436 1467 κοιμᾶται
450 1376 577 1459 adroso<
591 1381 665 1465 νιὸς,
678 1381 730 1448 καὶ
746 1391 812 1457 πῶς
827 1380 864 1446 να
883 1382 919 1449 τὸ
940 1374 1098 1464 {unedoni}

215 1661 265 1671 —
281 1619 506 1718 Γαλαζόραυχο,
521 1620 672 1704 fiderunt·
697 1621 833 1712 βελαύδι,
852 1630 919 1702 odx’
939 1629 1064 1712 ἀπαίνω,

215 1750 337 1815 καὶτοῦ
355 1752 514 1833 βασιλικοῦ
528 1758 546 1825 ἡ
561 1756 673 1842 acopon,
690 1751 810 1817 καὶτοῦ
831 1751 992 1842 βαλσάμου
1005 1757 1024 1824 ri
1041 1743 1126 1842 ῥιῖα·

214 1859 300 1965 γιαὶτι
319 1878 334 1938 ὀ
350 1875 473 1949 ὕπνοςὸ
494 1873 587 1951 πολὺς
608 1875 717 1964 χαλαίει
736 1874 789 1940 καὶ
808 1875 965 1966 μαραίνει,
986 1920 992 1944 ι

214 1998 323 2087 χαλάαι
339 1998 446 2088 moniis
464 1997 591 2090 φρόνιμα
611 1997 662 2064 καὶ
681 2005 809 2091 γλῶσσα
829 1989 1067 2090 μπερδιμμένη,

213 2121 321 2211 χαλαὶιι
336 2119 427 2213 κορμὶ
443 2121 600 2213 βεργόλινα
614 2122 665 2188 καὶ
682 2122 758 2213 μέση
779 2124 986 2213 superunitur·

213 2245 347 2335 πέφτουν
366 2244 406 2311 τὰ
427 2245 523 2334 μαίτια
543 2242 600 2309 σὰν
619 2247 760 2335 τροχοὺς,
779 2246 831 2310 καὶ
850 2237 963 2335 φρύδια
978 2242 1034 2311 σὰν
1051 2245 1187 2338 γαῖταίνι,

213 2367 265 2435 καὶ
280 2361 389 2434 ddisse
403 2369 638 2457 πυκνοφύτευτα
656 2365 711 2433 σὰν
732 2370 768 2434 τὶ
791 2367 1013 2460 μαργαριταίρι,

215 2499 344 2585 niardus
367 2493 420 2559 καὶ
434 2491 474 2560 τὰ
495 2487 590 2569 ξανθὰ
609 2490 727 2581 μαλλιὰ
746 2495 886 2586 τριγύρου
907 2493 964 2559 στὸ
982 2493 1075 2584 λαιμό
1093 2518 1158 2560 σου.

968 2601 1154 2681 (Ineditum.)

215 2801 295 2857 Area
308 2796 340 2856 in
354 2795 410 2856 ista
424 2793 625 2854 marmoribus
638 2800 744 2866 strata,

209 2891 330 2972 juvenis
343 2889 468 2970 quidam
483 2889 599 2949 dormit
613 2889 788 2970 :quomodo
801 2888 885 2950 hunc
898 2889 1056 2952 excitem?

213 3086 345 3150 Candide
360 3085 475 3162 vestite,
492 3083 723 3166 expergiscere;
746 3103 890 3166 surge...,

214 3187 271 3251 dos
281 3186 392 3267 ozymi‚
408 3192 438 3247 et
452 3181 579 3246 balsami
594 3183 696 3245 radix:
952 3256 961 3269 4,
989 3177 992 3181 ’

213 3303 346 3366 namque
359 3283 456 3346 nimio
470 3299 580 3360 sopore
599 3281 704 3345 omnia
717 3282 875 3342 solvuntur
889 3285 921 3341 et
932 3288 1127 3343 marcescunt
1141 3300 1150 3342 ι

215 3383 343 3445 solvitur
354 3381 490 3461 prudens
504 3386 611 3458 caput,
626 3387 657 3440 et
667 3380 732 3456 jam
745 3376 893 3456 impedita
904 3376 1026 3455 liugua3

214 3479 342 3544 solvitur
358 3485 513 3540 tomatum
527 3485 559 3539 et
572 3476 676 3537 vimini
688 3475 771 3537 lento
785 3475 882 3544 simite
896 3491 1028 3556 corpus3

213 3575 425 3639 caduntetiam
436 3574 549 3636 similes
563 3572 689 3634 orbibus
700 3573 792 3646 oculi,
801 3578 832 3634 et
840 3572 961 3634 tenuius
972 3573 1045 3635 vitta
1055 3571 1251 3654 supercilium
1255 3592 1265 3652 ;

214 3685 246 3738 et
261 3672 492 3754 margaritarum
507 3671 603 3734 instar
618 3672 725 3733 dentes
735 3670 872 3733 continui
886 3689 896 3750 ;

214 3781 243 3834 et
256 3772 373 3835 circum
387 3768 464 3832 colla
478 3769 547 3831 flavi
562 3769 677 3830 cadunt
691 3768 806 3850 capilli.
882 3776 885 3784 '

265 3977 362 4049 Talia
379 3971 520 4072 quidem
537 3972 580 4044 de
600 3974 747 4046 mortuis
764 3985 959 4045 commenta
973 3983 1026 4044 est
1045 3971 1139 4070 vulgi
1160 3995 1285 4067 super·

213 4102 328 4186 stitia,
368 4096 469 4169 valde
493 4096 625 4168 absona
647 4095 848 4168 Christianae
874 4095 968 4169 fidei.
997 4098 1068 4167 Nec
1093 4093 1220 4167 desunt
1242 4092 1285 4167 de
