2760 4816
214 330 247 380 82
489 341 537 405 'DE
556 339 763 382 rouuttntaus
782 340 998 384 nncnnrtonun

214 467 308 564 quod
332 468 476 565 quidem
498 468 635 541 dicendi
656 493 778 568 genus,
800 471 864 542 nisi
887 471 1072 566 plerosque
1091 469 1136 542 ab
1159 467 1290 541 horum

214 583 457 690 exemplorum
476 595 674 697 imilptionc
696 597 912 694 grammatici
936 595 1198 682 deterruissent,
1227 619 1290 668 ex·

214 717 452 813 spectantibus
466 743 534 814 quo
553 719 723 803 recentior
733 718 852 818 lingua
864 718 1027 818 progredi
1039 730 1170 816 posset,
1187 743 1290 815 spem

215 865 297 914 sane
321 842 431 914 multo
462 841 642 915 meliorem
669 842 833 930 faciebat,
865 866 971 938 quam
995 840 1088 938 quod
1117 840 1162 913 ad
1192 841 1290 913 hunc

213 964 306 1037 diem
320 964 496 1038 diversam
515 968 685 1039 rationem
709 967 820 1039 secuti
846 968 1033 1063 scriptores
1048 964 1261 1037 effecerunt.

263 1089 296 1158 2.
331 1087 522 1190 Klepbticis
560 1087 700 1184 quidem
742 1089 925 1162 cantilenis
964 1102 1095 1161 certam
1134 1098 1288 1188 statuere

211 1206 348 1285 aetatem
376 1213 577 1310 expeditum
606 1227 679 1304 est3
717 1193 798 1285 narn
820 1193 893 1286 iere
915 1213 1013 1286 nulla
1043 1225 1095 1285 est
1123 1191 1288 1308 quassu

211 1336 403 1426 vocabulis,
428 1362 488 1410 seu
515 1338 620 1411 rebus
653 1338 737 1434 ipsis
767 1363 855 1433 quas
876 1349 1061 1427 memorat,
1090 1340 1286 1410 'furcarum

211 1485 281 1533 non
304 1484 368 1533 nos
383 1460 581 1552 admoneat,
611 1485 675 1534 nec
698 1438 923 1533 nisiredacta
939 1463 975 1532 in
995 1461 1179 1533 Turcicam
1197 1483 1285 1558 pro-

211 1587 362 1657 vinciam
413 1587 569 1673 Graecia,
618 1584 800 1682 Klephtica
839 1583 1019 1656 latrocinia
1062 1584 1283 1656 exstiterunt.

212 1711 443 1805 Klepbtarum
459 1722 574 1779 autern
592 1710 651 1803 qui
665 1708 870 1780 nominatim
886 1707 1096 1796 referuntur,
1118 1706 1187 1781 duo
1206 1721 1285 1780 tan·

210 1847 285 1905 tum
300 1834 393 1904 circa
405 1834 543 1904 initium
560 1834 708 1928 proximi
733 1833 842 1904 seculi
862 1831 1047 1922 vivebant3
1073 1835 1179 1904 ceteri
1201 1847 1285 1905 sunt

208 1960 430 2030 recentiores.
951 1948 952 1953 ¹

258 2080 408 2156 Parvula
437 2095 554 2155 autem
586 2106 664 2179 quae
693 2081 864 2155 habemus
893 2081 936 2153 de
965 2079 1209 2176 Adrianopolis
1239 2095 1284 2185 'et

210 2208 526 2305 Constantinopolis
545 2206 643 2279 clade
658 2208 829 2295 carmina,
845 2206 967 2278 dubito
979 2230 1062 2278 num
1077 2206 1148 2276 sint
1161 2218 1282 2276 vetus·

210 2324 367 2415 tissima;
390 2343 483 2403 certe
501 2333 537 2401 in
553 2331 623 2401 illis
642 2354 756 2401 sermo
773 2331 869 2400 omni
886 2343 968 2402 nota
985 2329 1150 2425 peculiari
1171 2342 1279 2400 caret.

209 2458 287 2552 lam
307 2479 390 2527 vero
405 2455 529 2526 ceteris
544 2452 771 2542 carminibus,
795 2477 872 2549 quae
895 2478 959 2526 nec
981 2453 1025 2524 ad
1047 2452 1280 2550 Klepbtarunr

207 2591 375 2677 gestanec
384 2578 428 2651 ad
437 2603 494 2651 res
504 2579 883 2678 historicaspertinent,
894 2580 1046 2651 Turcicae
1056 2578 1188 2674 passim
1200 2558 1281 2673 qnae

207 2716 408 2794 occurrunt,
426 2705 555 2799 passim
568 2701 693 2775 ltalicae
712 2725 827 2789 voces,
851 2701 1116 2798 quintodecimo
1130 2704 1281 2773 maxime

206 2829 323 2901 seculo
340 2831 567 2899 recentiorem
586 2839 724 2899 aetatem
746 2828 955 2899 constituere
975 2826 1148 2917 videntur,
1169 2849 1280 2922 aquo

204 2966 361 3048 tempore
377 2950 520 3047 quidem
535 2951 646 3022 multo
661 2959 826 3048 majorem
837 2975 944 3047 quam
960 2964 1061 3023 antea
1076 2951 1280 3047 peregrino-

203 3102 282 3172 rum
291 3074 475 3164 verborum
486 3077 623 3174 copiam
634 3076 670 3147 in
680 3098 832 3174 graecum
843 3099 1037 3147 sermonem
1048 3076 1217 3171 irrupisse
1227 3100 1281 3148 ve·

203 3203 349 3277 risimile
366 3215 430 3275 est.
452 3203 543 3291 Quin
565 3203 684 3292 etiam,
701 3203 759 3273 vix
777 3200 897 3274 dubito
915 3202 999 3295 quin
1016 3200 1071 3273 his
1088 3199 1210 3274 endem
1225 3214 1278 3272 at·

203 3354 270 3425 que
286 3329 476 3424 Klephticis
496 3325 710 3399 carminibus
735 3325 944 3422 assignanda
969 3326 1015 3396 sit
1039 3337 1134 3411 aetas,
1166 3349 1277 3421 quum

201 3453 293 3527 absit
306 3455 460 3525 oratione
470 3454 583 3523 omnis
594 3450 689 3522 color
705 3461 830 3521 etnotn
846 3442 1038 3536 vetustatis,
1054 3450 1185 3521 formas
1198 3448 1276 3521 dico

202 3598 222 3645 a
248 3574 478 3670 scriptoribus
500 3575 613 3672 quinti
632 3573 758 3645 decimi
782 3572 889 3644 seculi
905 3571 1167 3669 frequentatas,
1186 3596 1275 3669 qua·

202 3724 282 3772 rum
299 3696 396 3771 nulla
410 3697 579 3794 insignior
593 3721 700 3793 quam
710 3696 785 3770 haec
802 3721 881 3793 quae
893 3697 987 3793 apud
1000 3697 1208 3774 l'brantzem
1223 3699 1278 3795 (ut

202 3847 310 3896 unum
327 3821 784 3912 enecentissimisreleram)
797 3821 989 3892 innumeris
1003 3821 1086 3892 locis
1101 3823 1273 3894 recurrit:

204 4054 291 4140 οἶδας
307 4072 372 4128 τοῦ
390 4069 483 4130 ποιεῖν
501 4061 553 4128 καὶ
569 4064 667 4154 λέγειν
684 4099 728 4113 -
748 4059 798 4126 ἐὰν
824 4060 917 4139 θέλεις
938 4069 1001 4126 τοῦ
1030 4065 1070 4148 μὴ
1088 4071 1182 4130 ποιεῖν
1204 4054 1275 4129 ἀδι-
