2760 4816
129 2199 131 2202 Ι
195 2112 240 2183 Ut
256 2107 371 2182 medio
391 2130 462 2180 aevo
482 2131 552 2180 non
572 2107 726 2182 defuisse
740 2130 878 2180 musam
905 2107 1058 2205 aliquam
1079 2113 1222 2209 pagani·

145 2258 221 2307 carn
252 2244 286 2307 et
312 2231 490 2306 oredimus
520 2243 555 2304 et
581 2233 665 2305 satis
694 2231 854 2304 videmur
873 2235 1136 2326 monstravisse,
1170 2236 1219 2308 ita

144 2357 319 2432 veteribus
362 2357 469 2429 etiarn
503 2358 632 2430 Graecis
666 2356 852 2455 populares
885 2356 993 2431 fuisse
1026 2357 1218 2433 cantilenas

144 2504 253 2578 quum
284 2480 471 2576 scriptores
502 2503 565 2552 nos
598 2479 766 2571 edocent,
801 2492 876 2553 tum
908 2504 951 2553 ex
985 2482 1064 2579 ipsa
1088 2484 1215 2555 veteris

145 2605 286 2679 Graeciae
314 2602 498 2700 disciplina
519 2604 613 2677 haud
632 2627 723 2701 aegre
744 2602 976 2693 concluditur,
1002 2605 1039 2676 in
1059 2628 1129 2701 qua
1143 2617 1216 2678 tan·

143 2742 218 2803 tum
258 2728 400 2800 musicae
431 2717 652 2800 tribuebatur
690 2740 860 2824 quantum
904 2737 964 2799 aut
995 2727 1089 2824 apud
1127 2728 1213 2803 alias

142 2860 261 2947 gentes
290 2863 350 2922 aut
381 2849 459 2923 aliis
485 2851 703 2948 temporibus
732 2875 910 2947 nunquam
937 2850 1108 2924 tributum
1138 2865 1211 2944 est,

142 2996 293 3070 nomque
312 2997 376 3046 noc
393 2973 523 3071 publici
541 2989 746 3061 conventus,
768 2999 832 3048 uec
849 2975 937 3063 ludi,
959 3001 1023 3049 noc
1038 3000 1137 3050 sacra
1156 2979 1210 3050 vcl

142 3120 277 3195 pompae
302 3097 515 3200 agebantur,
545 3100 631 3195 quin
659 3099 703 3170 iis
731 3097 976 3171 admoveretur
1002 3124 1084 3172 cum
1105 3101 1210 3173 salta-

141 3221 235 3294 tione
254 3235 396 3308 cantus;
418 3235 493 3295 turn
520 3233 554 3293 et
569 3223 604 3292 in
624 3223 732 3318 epicis
749 3220 912 3318 lyricisve
933 3221 1120 3296 recitandis
1135 3250 1211 3297 car-

141 3347 308 3438 minibus,
326 3346 506 3420 comoediis
525 3347 639 3418 etiam'
657 3359 692 3419 et
711 3344 891 3445 tragoediis
908 3347 1006 3444 ipsis,
1032 3373 1210 3447 nunquam
1283 3446 1286 3451 ¹

139 3469 311 3569 disjuncte
329 3470 396 3542 luit
421 3494 442 3543 a
472 3471 606 3544 musica
630 3473 765 3569 poesis,
785 3470 859 3568 jam
881 3494 964 3545 vero
991 3485 1027 3545 et
1053 3474 1089 3545 in
1109 3475 1209 3548 insti·

140 3594 276 3669 tuendis
293 3595 411 3692 pueris
430 3596 565 3668 musica
589 3596 794 3694 gravissimo
818 3619 960 3669 munere
982 3597 1205 3695 fungebatur,

139 3743 249 3816 quum
274 3716 446 3816 quidquid
462 3717 643 3793 discebant
666 3721 779 3816 pueri,
806 3734 988 3795 caneretur
1006 3723 1071 3817 (1).

187 3845 216 3915 Α
243 3842 376 3941 populo
393 3853 509 3913 autom
539 3843 680 3915 iuventa
701 3844 798 3941 prius
825 3868 881 3917 res
903 3868 1008 3940 quarn
1031 3856 1124 3918 certa
1150 3871 1207 3921 ra·

142 3960 278 4042 tionea
309 3967 421 4064 poetis
446 3979 665 4042 tractaretur.
697 3972 773 4058 Quo
791 3981 892 4066 pacto
911 3970 1004 4042 eninr
1031 3972 1115 4044 tanti
1134 3998 1208 4047 mo-

171 4130 207 4192 (1)
220 4125 259 4175 (ll.
274 4125 372 4176 buoloni
387 4121 550 4188 docebantur,
565 4130 605 4177 21.
