2760 4816
463 433 636 478 GRAECORUM
652 430 841 475 cunnibertus.

177 578 267 655 στοὺς
284 577 426 670 οὐρανοὺς
439 586 500 642 ποῦ
515 575 648 666 κάθομαι
665 573 794 668 aalaptir
813 578 866 653 σᾶς
887 568 1033 669 {arei-pu,
1054 611 1056 614 >
1141 571 1145 591 ¹

180 678 423 792 μὰνὰσῗςδιῶ
437 699 500 768 ἀπὸ
519 695 707 769 sarabaiam
726 705 744 773 tl
762 699 908 792 a'rrtloprei
926 708 1011 792 peu.¹
1038 705 1041 709 ’
1088 704 1115 738 Ὗ

799 802 1073 890 (casanaten-

127 963 198 1022 Avis
208 978 267 1040 ego
281 978 341 1023 nou
353 976 435 1034 sum,
452 959 509 1022 etsi
522 960 584 1021 avis
599 958 655 1021 tibi
669 960 794 1035 videor,

126 1061 192 1141 Ego
204 1076 271 1120 sum
285 1056 467 1134 Tsamadus,
480 1064 510 1119 et
526 1057 595 1119 veni
611 1058 691 1120 inter
706 1057 798 1119 vivos.

127 1157 242 1220 Eroelo
260 1156 398 1238 quidem,
416 1174 486 1237 quas
502 1157 592 1222 sedes
605 1173 686 1232 mea,
703 1156 865 1237 perspicue
877 1154 1094 1237 vosdispicl03
1198 1179 1200 1189 ἰ

127 1273 222 1336 prope
235 1262 337 1317 autem
353 1271 406 1317 vos
417 1253 553 1314 intuendi
570 1251 735 1332 cupiditate
749 1253 864 1317 laboro.

70 1444 74 1451 “
176 1443 378 1516 Carminum
394 1440 560 1538 pleraque
574 1466 631 1513 res
646 1453 679 1513 et
695 1441 856 1514 homines
872 1455 1067 1515 memorant
1084 1442 1195 1538 elapsi

127 1568 252 1659 seculi3
277 1568 432 1664 quinque
449 1579 587 1640 tantum
609 1566 654 1639 ad
678 1568 859 1663 superiora
876 1556 1050 1664 tempora,
1069 1565 1105 1638 id
1126 1580 1191 1657 est,

128 1690 173 1763 ad
186 1689 444 1786 Adrianopolim
456 1691 860 1791 Constantinopolimque
882 1673 1100 1790 oppugnatas
1114 1713 1194 1787 per·

127 1815 255 1903 tineam
294 1816 457 1911 pauciora
491 1827 573 1888 sunt
599 1798 705 1913 hujus
740 1795 866 1906 seculi,
896 1827 1088 1892 ceterorum
1112 1811 1211 1889 aetas'

129 1944 258 2013 incerta
277 1952 341 2012 est.
380 1939 538 2012 Plurima
568 1941 672 2036 igitur
692 1938 903 2029 desiderari,
939 1951 975 2012 et
998 1938 1192 2012 cantilena·

127 2090 204 2138 rum
226 2088 314 2161 quas
334 2063 505 2135 habemus
520 2074 802 2159 quantacumque
826 2067 925 2160 copia
941 2067 1195 2163 necquicquam

128 2187 298 2258 contineri
322 2207 495 2256 summam
529 2183 668 2257 illarum
704 2210 782 2283 quae
808 2185 954 2258 diversis
982 2187 1197 2282 temporibus

128 2308 221 2408 apud
245 2313 386 2384 Graecos
400 2309 635 2405 provenerint,
659 2310 846 2382 verisimile
867 2323 918 2382 est
937 2339 944 2382 :
962 2334 1109 2408 quarum
1125 2312 1196 2384 lar-

128 2435 203 2531 gior
239 2435 268 2504 si
300 2434 401 2529 copia
432 2431 555 2505 luisset
570 2435 688 2522 ,satis
725 2431 930 2530 locupletem
962 2433 1197 2523 haberemus,

127 2581 236 2653 quum
272 2555 340 2630 alia
381 2568 609 2629 monumenta
636 2555 779 2645 desint,
812 2557 965 2629 historiae
1000 2558 1195 2630 materiam.

129 2687 335 2781 Quanquam
350 2682 400 2753 sic
419 2679 529 2777 liquet
552 2704 615 2752 nec
636 2681 707 2751 vim
728 2682 913 2775 poeticam,
935 2681 1064 2753 avitum
1083 2683 1196 2779 gentis

130 2830 270 2896 munus,
287 2828 351 2877 nec
373 2803 503 2876 liberos
519 2804 666 2900 spiritus
688 2803 742 2875 vel
767 2804 996 2900 iniquissimis
1009 2816 1198 2900 tempesta·

128 2928 222 3003 tibus
246 2927 378 3000 Graccis
401 2924 565 3015 defuisse,
586 2925 635 2996 ita
646 2937 686 2997 ut
707 2928 808 2998 Musa
828 2926 1008 3023 popularis
1028 2924 1121 2998 haud
1144 2928 1198 2998 in-

124 3051 219 3146 juria
247 3049 478 3147 Klepbtarum
502 3049 644 3119 nomina
673 3059 708 3119 et
732 3072 786 3119 res
816 3059 912 3119 actas
937 3045 1194 3143 praedicaverit,

131 3175 265 3248 semina
287 3173 428 3272 quidem
450 3170 533 3244 belli
556 3172 699 3267 majoris
719 3186 753 3243 et
767 3171 936 3244 libertatis
951 3171 1089 3243 laturae.
1110 3173 1194 3263 Nec,

132 3313 171 3373 ut
192 3302 329 3397 opinor,
357 3298 439 3370 huic
468 3297 545 3370 loco
572 3297 723 3368 alienum
750 3297 795 3368 sit
818 3297 948 3369 relorre
972 3296 1061 3368 hano
1090 3299 1198 3395 ignoti

131 3423 313 3523 enjusdam
327 3435 439 3520 poetae
456 3420 665 3494 cantilenam
673 3420 818 3492 Creticis
835 3421 1196 3520 montibusetKlepb-

132 3551 177 3622 tis
191 3550 226 3622 in
250 3548 343 3620 bunc
362 3546 504 3618 modurn
519 3543 768 3619 valedicentcm
783 3574 791 3616 ε

186 3753 283 3862 lipare
299 3765 390 3863 γιειὰ,
407 3764 492 3857 lab&
510 3766 618 3853 βουνὰ,
636 3767 689 3834 καὶ
705 3769 955 3860 κρυσταλλένιαις
974 3769 1096 3858 lipsiam·

185 3896 271 3986 ἔχετε
289 3891 382 3988 quala,
400 3891 633 3986 κλεφτόπουλα,
650 3895 745 3969 siccis
767 3881 1015 3992 παλληκᾳράδες.

187 4017 349 4085 Πιθαίνετε
364 4021 421 4092 orl
442 4018 524 4090 νιότη
545 4044 600 4096 σας
619 4017 657 4109 pt
675 4017 710 4084 τὸ
730 4013 823 4084 anull
845 4016 903 4124 aab
922 4017 999 4107 χέρι,

169 4143 278 4236 ,χωρὶς
295 4145 321 4207 ν’
341 4144 449 4211 iacias
470 4141 658 4234 κλέμματα,
679 4132 838 4233 pamelius
859 4140 1040 4234 popmlpe.
