2760 4816
461 375 632 418 GRAECORUM
651 375 842 417 cumutamus.
1097 399 1101 408 ·
1163 365 1198 416 29

124 509 320 605 eloquatur.
346 509 423 580 Non
442 499 561 579 aut'em
575 506 632 577 hic
648 503 866 603 disquirendi
885 505 982 576 locus
998 528 1062 576 cur
1080 503 1198 601 perdi·

126 635 190 704 turi
211 634 281 705 sint
304 655 446 727 operam
466 632 526 728 qui
547 633 722 726 Tempora
742 643 777 717 et
800 631 921 702 Modos
946 643 980 702 et
1006 633 1113 704 Casus
1137 632 1200 705 ho·

124 757 252 828 dierrne
265 757 447 828 restituere
460 755 589 851 lingua
602 754 774 842 laborant,
792 778 881 851 quos
894 756 1045 852 pessime
1057 755 1198 852 quidem

124 880 168 952 de
188 895 336 977 utraque
362 880 481 977 lingua
500 891 636 951 constat
664 880 804 968 mereri,
833 880 964 975 quippe
985 882 1045 975 qui
1072 882 1199 954 veteris

125 1003 296 1076 voeabula
315 1002 357 1074 ad
382 1002 569 1090 hodiernos
589 1028 673 1076 usus
698 1005 859 1099 quamvis
880 1006 1110 1102 repugnantia
1136 1005 1197 1077 de-

125 1139 322 1224 torqueant,
346 1128 533 1199 recentiori
557 1140 674 1200 autem
695 1135 769 1225 jam
787 1127 1009 1226 praeciderint
1026 1127 1200 1225 quidquid

125 1277 187 1348 per
212 1276 250 1325 se
270 1253 386 1347 ipsam
401 1251 571 1324 effectura
591 1265 693 1323 esset.
716 1255 830 1342 Quam
853 1275 934 1324 vero
951 1250 1002 1323 illi
1020 1251 1198 1323 somniant

125 1375 263 1449 dicendi
285 1378 474 1464 rationem,
496 1399 572 1448 eam
599 1387 661 1449 aot
682 1377 788 1472 plane
811 1375 1016 1472 popularem
1041 1398 1198 1471 unquam

125 1503 212 1587 fore,
236 1515 298 1573 aut
323 1499 516 1597 quidquam
541 1501 751 1573 ellecturam
772 1524 848 1572 esso
862 1501 899 1570 in
925 1500 1062 1588 litteris,
1088 1499 1197 1571 confi·

125 1623 248 1696 denter
265 1647 375 1722 neg03
393 1649 463 1697 nou
489 1625 583 1697 enim
605 1626 666 1723 qui
685 1648 765 1696 vere
784 1622 945 1696 dieantur
964 1635 1141 1709 auctores,
1161 1623 1197 1696 id

125 1759 190 1829 est,
209 1771 328 1819 rerum
353 1758 387 1817 et
406 1747 592 1818 verborum
616 1748 831 1834 inventores,
859 1769 951 1817 nova
977 1747 1046 1818 ista
1064 1747 1198 1818 ratione

124 1872 341 1966 provenient,
358 1870 418 1942 sed
436 1872 523 1942 meri
540 1855 750 1943 imitatores.
771 1873 823 1943 Ex
840 1895 909 1966 quo
928 1883 1045 1943 autem
1061 1873 1199 1968 incepe-

125 2008 206 2067 runt
223 1995 514 2067 medicationibus
529 1992 683 2089 linguam
700 2017 839 2082 vexare,
862 1991 945 2091 quid
960 1991 1141 2067 tolerabile
1157 2017 1198 2066 ac

126 2119 247 2190 litteris
269 2119 411 2215 dignum
433 2116 618 2189 ediderunt
641 2120 702 2214 qui
725 2141 822 2189 novae
852 2119 995 2189 rationis
1028 2102 1196 2207 studiosi,

125 2245 268 2338 antiqua
279 2242 501 2338 recentiaque
516 2240 700 2313 scribendo
720 2243 892 2314 miscent?
909 2245 1021 2314 lmmo
1037 2242 1198 2338 populari

125 2391 285 2438 sermone
314 2371 368 2437 usi
394 2379 488 2449 sunt,
520 2390 670 2462 quorum
695 2390 815 2439 versus
838 2366 1038 2454 laudantur,
1061 2380 1194 2462 poetae3

124 2516 186 2563 nec
207 2491 410 2589 quisquam,
438 2488 541 2562 modo
567 2514 689 2579 sanus,
711 2491 777 2564 sibi
805 2492 986 2586 proposuit
1015 2490 1199 2591 pindarico

125 2616 290 2690 scribere.
315 2613 405 2704 Quid
439 2626 556 2687 autem
590 2613 684 2710 quod
709 2613 816 2686 iidem
852 2626 1031 2686 curatores
1070 2615 1198 2713 linguae

125 2752 323 2812 constanter
339 2752 469 2836 negant
486 2737 628 2810 tolerari
644 2761 749 2835 posse
768 2761 910 2835 prosam
930 2736 1150 2835 popularem,
1165 2754 1200 2811 et

124 2866 263 2937 rusticis
282 2888 322 2936 ac
346 2861 559 2936 mulionibus
587 2886 662 2934 esse
684 2861 973 2959 relinquendam!
1000 2865 1109 2952 Quasi
1130 2888 1198 2937 non

124 3013 166 3060 ex
189 2989 315 3062 humili
339 2989 493 3085 primum
508 3000 543 3060 et
563 2987 764 3086 angustiore
786 2984 864 3060 loeo
882 2988 998 3060 omnis
1023 2987 1200 3060 humanus

125 3136 240 3185 sermo
248 3112 722 3209 proficiscatur‚priusquam
742 3134 963 3183 summorum
976 3112 1197 3208 ingeniorum

125 3256 245 3330 opera,
265 3216 421 3330 ternpore
435 3234 541 3305 etiam
554 3230 649 3304 haud
664 3255 791 3328 parum
808 3231 1008 3332 adjuvante,
1022 3231 1199 3306 adolescat

125 3370 159 3431 et
177 3357 298 3455 plenus
311 3357 558 3455 perfectusque
574 3358 676 3455 quasi
696 3356 896 3429 maturitate
917 3381 980 3430 sua
1001 3357 1148 3431 truatur.

174 3484 271 3557 Unus
288 3495 420 3572 tamen,
447 3497 481 3556 et
498 3483 574 3555 fere
597 3484 750 3580 ignotus,
770 3483 837 3554 etsi
865 3505 935 3554 uon
955 3482 1199 3579 despiciendus

125 3607 373 3679 nonnullorum
400 3609 598 3680 carminum
621 3618 743 3679 auctor
769 3607 1012 3678 loanninensis
1045 3607 1220 3698 Vilaras,¹

65 3771 68 3775 ·
126 3754 195 3803 non
209 3731 407 3829 desperavit
423 3728 557 3827 aliquid
577 3732 661 3802 etin
689 3752 793 3827 prosa
810 3730 1017 3827 popularem
1043 3730 1200 3828 linguam

124 3879 241 3952 posse,
254 3868 289 3928 et
298 3855 449 3953 experiri
458 3854 568 3929 voluit
587 3867 760 3952 quatenus
771 3854 928 3928 Platonis
939 3869 973 3927 et
984 3854 1201 3952 Thucydidis

126 3982 231 4053 verba
249 3981 385 4077 plebeio
406 4003 567 4053 sermone
585 3982 811 4077 exprimeret.
831 3979 930 4068 Quod
951 3979 993 4050 ad
1014 3983 1199 4054 conciones

126 4103 353 4200 Thucydidis,
381 4128 437 4177 res
456 4103 568 4176 ardua
592 4103 746 4201 quidem,
770 4127 832 4176 nec
859 4102 960 4192 adeo,
981 4117 1020 4176 ut
1037 4103 1122 4177 mihi
1142 4107 1199 4176 vi-
