2760 4816
151 355 185 407 54
438 371 478 410 DE
496 371 709 412 nonuunulnus
728 369 939 412 nucunulonttu

152 492 209 564 Oui
223 494 278 556 tibi
293 513 391 574 quum
408 497 542 578 rapuerit
557 497 716 575 pudorum,
732 496 805 577 quid
818 496 875 558 tibi
891 496 1048 576 reliquum
1062 498 1131 559 est?
1143 517 1161 552 n

200 598 334 657 Aureum
348 595 515 675 pugionem
529 614 622 658 aurea
634 595 740 658 eduxit
751 595 870 674 ragina,
1091 604 1094 608 '

155 702 186 761 et
199 698 231 759 iu
246 702 352 775 pectus
366 693 472 756 mersit
485 693 613 769 miserae,
627 711 758 773 eamque
777 691 860 755 misit
873 693 1036 755 Charonti:

158 818 174 855 n
189 793 334 866 Quisnam
346 791 413 866 iste,
434 791 512 853 heus
526 792 674 866 Suranna,
691 792 742 872 qui
756 799 786 852 te
799 790 879 853 misit
893 790 1047 864 charonti,

158 899 192 954 ut
202 891 266 970 jann
281 908 329 952 nre
341 888 397 951 sub
411 888 515 951 lucana
528 889 607 952 hana
619 890 726 951 orbam
740 888 949 968 relinqueres?
1010 898 1023 930 ²

158 989 228 1062 nbi,
237 989 389 1060 suzanna,
402 986 564 1066 quaesitura
580 987 632 1067 qui
646 987 806 1048 medeatur
818 985 946 1048 vulneri.

157 1084 242 1149 Mille
255 1090 286 1145 et
299 1091 425 1146 centum
436 1089 556 1147 constet
565 1086 677 1161 aureis,
691 1085 777 1147 dabit
788 1086 920 1147 amasius
931 1106 939 1161 ;

159 1181 242 1243 mille
256 1189 287 1243 at
300 1187 425 1243 uentum
438 1188 569 1257 constet,
592 1189 711 1244 constet
722 1181 807 1243 mille
822 1188 854 1245 et
866 1182 1053 1263 quingentis

161 1284 279 1342 constet
291 1277 452 1340 adamante
466 1278 563 1340 multo
579 1285 610 1340 et
622 1279 731 1359 grandi
744 1279 888 1359 pecunia.
903 1302 917 1337 ο
932 1316 972 1324 -

166 1398 181 1432 «
194 1375 261 1450 nbi,
276 1385 384 1444 mater,
404 1382 436 1438 et
445 1375 554 1455 jubeto
567 1376 663 1448 illum,
681 1378 706 1439 si
720 1385 766 1440 est
776 1377 833 1452 vir,

162 1485 197 1537 ut
209 1474 285 1535 mihi
297 1475 474 1556 sepulcrum
483 1482 580 1537 struat
592 1483 692 1538 totum
705 1475 916 1556 emargaritis,

163 1572 194 1633 in
209 1590 330 1634 summo
345 1579 433 1634 exeat
446 1573 515 1634 lons
528 1573 713 1652 pellucidior
729 1571 830 1634 vitro:

163 1670 301 1751 quisquis
314 1686 420 1730 amore
433 1668 559 1740 laborat,
576 1667 670 1744 bibat,
687 1654 856 1746 exstinguat
869 1685 1019 1730 amorem.
1032 1691 1049 1727 ν

167 1820 337 1900 (προὸοίλετε,
352 1819 384 1881 id
404 1827 461 1894 est,
486 1819 652 1901 προὸαίνετε.
668 1851 707 1864 -
727 1816 879 1900 ρωνιάξετε,
903 1837 959 1896 pro
977 1818 1117 1901 φωνάξετε,
1135 1856 1173 1869 -
1195 1823 1237 1879 ut

165 1926 303 2008 npo6riru,
318 1927 349 1989 id
361 1931 417 2000 esi,
434 1931 486 1986 τῶν
498 1924 649 2006 προὸοίτων.
661 1959 701 1970 -
710 1926 856 2006 τραγοΰδιε,
873 1925 973 1988 forma
985 1924 1153 2006 imperfecti
1167 1944 1238 1988 ver·

166 2026 277 2088 borum
290 2031 516 2088 contractorum
531 2022 704 2104 peculiaris.
724 2058 757 2068 -
775 2024 944 2103 ,ζουμπούλμ
972 2023 1176 2105 roxqturcica.
1194 2057 1239 2073 -

166 2123 335 2206 ἀρήκραοθε,
361 2122 399 2184 ab
424 2121 630 2204 ἀρηκροὶζομοιι,
656 2121 840 2202 ἆρκράζομαι,
862 2120 894 2181 id
920 2128 983 2195 est,
1004 2123 1181 2202 ἅκροάζοραι.
1199 2155 1239 2165 --

167 2223 249 2300 κύρις,
263 2226 349 2300 puter
364 2216 478 2299 (κύριος).
487 2252 526 2264 -
536 2219 611 2294 ἀκοῧ,
625 2234 682 2297 pro
694 2215 841 2275 ἀκούει.-
855 2217 989 2295 ματιῶ,ἰᾱ
1002 2225 1049 2281 est
1061 2217 1236 2298 (uppusun.

168 2353 207 2363 -
230 2315 454 2396 μπαὶλδισμένος,
466 2334 484 2377 e
496 2314 611 2378 turaiua
624 2314 726 2393 lingua
747 2314 893 2394 petitum:
908 2314 1067 2378 exanimis.
1084 2349 1118 2361 -
1128 2313 1241 2396 ρηκάρι,

167 2434 224 2497 prt)
240 2413 358 2498 θηκοὶρι.)

290 2549 381 2612 Κάθσε
393 2548 438 2608 καὶ
452 2548 659 2629 γαργαλίζομαι·
679 2546 717 2626 μὴ
732 2547 831 2628 ’γγίζῃς
844 2547 894 2606 orit
906 2549 983 2626 βυζνά
998 2570 1059 2625 μου,

289 2647 334 2706 καὶ
352 2646 490 2723 μελανιάσ’
501 2650 515 2706 ὁ
526 2643 623 2726 κόρφος
636 2668 697 2722 μου,
709 2643 756 2704 καὶ
769 2643 842 2726 δείρῃ
858 2647 886 2722 μ’
900 2651 918 2717 ἡ
935 2645 1020 2722 μάννα
1036 2651 1101 2722 μοῢ

172 2786 318 2858 Quiesce3
339 2801 389 2845 nie
403 2782 508 2844 titillas
517 2801 527 2861 3
542 2781 602 2842 noli
617 2780 745 2861 papillas
761 2785 938 2855 attrectare,

173 2901 211 2944 ne
224 2881 297 2943 mihi
309 2879 458 2958 nigrescat
471 2877 562 2950 cutis,
584 2883 613 2937 et
632 2884 738 2956 postea
750 2883 848 2938 mater
858 2894 907 2938 me
921 2875 1073 2938 verberet.

292 3028 365 3106 Ἐγὼ
382 3024 473 3085 ἀποδὼ
489 3022 553 3085 aiala
571 3027 678 3100 ἀποκεῖ,
690 3026 732 3083 xii
744 3031 832 3102 τεῖχος
844 3022 904 3100 ρέο’
920 3023 952 3094 τὴ
969 3023 1050 3100 μέση·
1072 3045 1078 3055 ·

291 3124 352 3195 τάξι
365 3124 421 3206 arpi
435 3123 484 3196 στὴ
502 3124 626 3202 Παναγιὰ
636 3120 669 3181 vir
680 3127 810 3202 κρεμιοθῇ
825 3119 857 3179 νᾶ
869 3119 952 3200 πέσῃ.

174 3277 218 3334 Ex
232 3272 289 3334 han
301 3277 385 3351 parte
402 3285 473 3347 ego,
486 3272 518 3328 tu
534 3284 571 3328 ex
585 3263 647 3334 illa.
663 3271 695 3327 et
704 3262 804 3344 paries
818 3263 850 3324 in
865 3261 991 3340 medi0;

175 3385 299 3431 cereum
314 3365 459 3449 promitte
475 3362 603 3443 Virgini,
624 3366 658 3425 ut
669 3360 790 3423 decidat
802 3360 913 3442 paries.

296 3500 371 3559 Ἐκεῖ
385 3504 435 3558 ποῦ
447 3506 509 3580 πᾷς,
522 3492 634 3555 πουλᾶκι
647 3517 708 3571 μου,
727 3493 795 3573 τήρα
807 3491 840 3550 vir
854 3491 907 3568 μὴν
920 3491 1053 3575 ἀργήσῃς·

296 3596 364 3677 ripa
380 3595 418 3675 μὴ
431 3594 518 3676 κάμῃς
532 3593 643 3673 ξάμηνο,
657 3591 725 3673 ripa
742 3589 781 3668 μὴ
794 3589 883 3670 κάμῃς
898 3590 988 3671 χρόνο,

296 3695 367 3774 garira
379 3693 410 3752 τὸ
423 3692 524 3770 ξάμηνο
536 3689 615 3766 πολὺ,
632 3688 677 3750 καὶ
692 3687 784 3769 χρόνος
797 3679 844 3746 εἶν’
860 3687 993 3766 μεγάλος·

297 3825 339 3840 -
348 3789 460 3869 Μακάρι
471 3777 551 3846 νᾶταν
564 3785 674 3865 ξάμηνο,
692 3785 794 3866 μακάρι
807 3773 887 3843 igtur
901 3784 1007 3864 χρόνος·

301 3891 350 3967 μόν
365 3877 412 3946 εἶν’
424 3885 482 3968 νερὸ
496 3883 656 3968 τρεχάμενο,
671 3887 721 3942 ποῦ
739 3883 817 3953 ποίει,
831 3881 872 3943 δὲν
889 3883 1023 3962 γιουρίζει.

181 4018 245 4082 lllic
259 4035 321 4099 quo
333 4013 444 4096 pergis,
459 4011 587 4080 avicula,
604 4011 674 4072 vide
688 3998 879 4082 numereris,

183 4117 297 4180 uidene
311 4131 363 4176 sex
377 4130 498 4175 menses
512 4109 604 4185 absis,
626 4109 695 4170 vide
710 4125 748 4168 ne
768 4124 880 4169 annum
901 4106 1063 4182 integrum,
