2760 4816
508 365 677 406 cumcomffl
697 366 879 408 cunnibertus

156 548 208 559 —-
223 512 327 580 Koillos
341 508 379 575 νὰ
397 512 467 599 puis,
486 506 576 574 κάθσε
599 505 637 572 udi
658 518 741 599 πιῇς,
760 508 851 574 acidos
872 506 909 575 νὰ
923 508 1170 601 γιοματίσῃςπ-

163 638 209 703 Τὸ
227 634 375 703 ernosto
391 626 520 700 τούὸαλε
533 631 562 696 o'
579 631 618 695 ἔν’
639 632 784 720 cleope-no
797 632 903 698 πιάτο.
953 654 963 677 ·
1032 641 1044 664 ’

159 763 275 851 Πρώτη
293 754 429 850 pennard
444 750 610 831 arrodens,
627 755 663 820 τὸ
682 753 827 822 eureseim
845 765 940 846 rrips·

155 885 190 950 τὸ
207 882 355 949 συκοτάκι
370 885 491 972 pileos,
510 879 546 945 τὸ
568 879 717 943 συκοτάκι
733 882 912 971 λέγεικ...γ
1010 910 1012 914 ·
1112 906 1146 924 v
1216 928 1218 936 .

159 1033 172 1056 u
187 990 232 1072 Ᾰν
254 1002 333 1071 sicas
351 1003 386 1071 σὺ
408 1003 542 1089 πατέρας
563 1026 634 1090 μου,
649 997 744 1088 redde
764 1001 816 1068 καὶ
832 1005 942 1089 φίλησέ
958 1030 1074 1096 pm...»

210 1129 313 1220 Xpoob
333 1133 461 1219 μαχαῒρι
475 1120 587 1218 ἔὸγαλε
603 1125 665 1192 ἀπὸ
687 1125 781 1217 χρυσὸ
801 1129 931 1221 panope,

154 1253 204 1319 καὶ
219 1253 276 1319 orb
292 1253 387 1342 λαιμό
402 1276 455 1328 της
469 1243 593 1332 robalis,
609 1260 664 1327 τῆς
680 1242 763 1315 κόὸει
781 1254 815 1316 τὸ
835 1255 983 1343 sepita„

153 1412 230 1487 Quid
245 1418 278 1473 tu
290 1430 361 1473 cum
377 1410 507 1490 hospite,
525 1409 717 1470 matercula?

133 1523 134 1526 ’
155 1511 289 1588 Vespere
304 1508 394 1587 patri,
409 1512 443 1570 ut
457 1506 591 1586 primum
606 1506 734 1578 venerit,
748 1524 813 1568 rem
824 1507 1017 1588 aperiam.....
1033 1545 1070 1559 -

155 1605 206 1667 llla
217 1606 248 1667 in
263 1604 437 1666 cubiculum
450 1601 577 1664 abducit
591 1609 621 1664 et
635 1602 742 1664 hirculi
756 1604 849 1666 instar
861 1605 982 1684 jugulat
997 1626 1144 1688 puerum;
1216 1684 1219 1694 Ι

155 1712 220 1765 lum
236 1704 316 1766 sieut
330 1700 466 1765 carnifex
480 1700 507 1762 ei
517 1697 606 1780 jecur
619 1697 731 1782 aufert,
1183 1712 1185 1717 ’
1226 1706 1230 1714 “

154 1806 184 1862 el
198 1803 377 1862 torrendum
392 1799 484 1861 tradit
496 1816 596 1878 eoquo
600 1842 924 1860 .......

158 1898 309 1960 -Asside
325 1906 359 1959 ut
374 1898 448 1959 edas
461 1903 492 1959 et
506 1896 595 1958 bibas
609 1903 642 1958 et
658 1897 823 1977 prandium
839 1915 951 1958 sumas.
965 1930 1005 1944 -

157 2000 306 2076 Argentea
321 1996 354 2056 in
368 1996 456 2058 lance
470 1996 536 2056 viro
550 1995 700 2055 ministrat
711 1995 801 2072 jecur
810 2012 820 2071 ;

155 2100 187 2154 ut
201 2093 307 2174 incipit
320 2093 382 2168 ille,
395 2092 491 2170 jecori
506 2090 604 2169 injicit
618 2108 727 2151 manus
744 2111 751 2151 :

154 2189 408 2251 tumhaecverba
424 2190 568 2267 jecurz...
709 2269 712 2273 .

157 2288 214 2346 «Si
230 2294 314 2365 pater
327 2304 360 2347 es
374 2304 473 2357 meus,
487 2285 605 2347 vultum
618 2284 746 2346 demitte
761 2291 796 2346 ut
811 2301 860 2346 me
873 2286 1054 2350 osculeris...
1067 2313 1081 2348 n

152 2388 288 2446 Aureum
302 2383 467 2464 pugionem
481 2399 573 2445 aurea
585 2381 674 2463 eripit
687 2383 802 2462 vagina,

153 2487 185 2542 et
200 2481 307 2542 mersit
321 2479 422 2543 uxoris
432 2480 552 2561 jugulo,
569 2487 722 2563 caputque
735 2480 920 2543 truncavit..

201 2645 294 2716 Alias
312 2644 413 2740 (469)
435 2645 587 2716 occurrit
605 2640 723 2738 puella
741 2641 787 2713 ob
806 2641 995 2738 deprensos
1015 2670 1150 2722 amores
1165 2652 1217 2723 ln-

155 2769 245 2843 dicio
264 2783 335 2842 mat
336 2773 423 2842 risa
447 2770 516 2841 frat
517 2768 615 2840 ribus
637 2768 764 2839 occisa.
798 2766 933 2855 Quibus
952 2769 1108 2866 quidem,
1128 2777 1217 2851 siout

152 2893 229 2967 aliis
248 2919 326 2992 quae
346 2895 475 2991 pariter
493 2895 531 2965 in
551 2891 706 2966 caedibus
722 2906 928 2986 uersentur,
955 2902 1220 2991 pretermissis

147 3030 222 3119 jam
245 3023 505 3118 requiescamus
530 3021 567 3091 iu
588 3018 648 3092 illo
666 3018 824 3092 mulieris
839 3044 930 3091 cum
952 3023 1083 3096 viatore
1110 3028 1217 3101 collo-

153 3147 248 3243 quio,
265 3148 448 3242 quiquam
464 3169 500 3216 se
521 3148 705 3239 conjugem
724 3141 785 3214 diu
802 3143 980 3217 absentem
999 3149 1213 3243 profiteatur,

155 3292 224 3343 non
241 3270 337 3364 prius
354 3265 539 3366 persuadet
558 3264 654 3341 illam
674 3289 780 3364 quem
802 3268 904 3337 certis
920 3267 1058 3342 indiciis
1077 3296 1114 3346 se
1135 3300 1215 3348 con·

148 3403 268 3494 jugem
288 3392 499 3468 ostenderit:
519 3416 598 3489 quae
620 3417 699 3465 cum
715 3392 952 3491 insignissimo
970 3395 1062 3491 apud
1082 3398 1212 3476 Home.

154 3545 231 3593 rum
251 3520 294 3591 de
317 3520 426 3616 Ulyxe
445 3531 479 3592 et
499 3519 670 3615 Penelope
691 3518 765 3590 loco
787 3519 1001 3616 singularem
1016 3523 1051 3594 in
1071 3523 1212 3602 modum

152 3656 368 3741 congruunt,
393 3641 441 3712 ita
465 3653 504 3712 ul
523 3638 680 3713 eamdem
708 3640 885 3727 fabulam,
916 3643 1059 3738 paulum
1088 3648 1214 3720 immu-

153 3775 223 3865 tato
252 3785 366 3834 rerum
394 3772 431 3831 et
456 3764 702 3833 sententiarum
726 3764 859 3852 colore,
884 3764 1012 3838 babere
1034 3765 1133 3840 nobis
1161 3751 1212 3841 vi-

153 3888 297 3960 deamur
312 3917 319 3956 :

61 4165 64 4171 Ι
155 4079 239 4166 Κόρη
256 4078 297 4165 μ’,
316 4072 437 4167 ἔγῶμ’ὁ
458 4069 571 4167 ἄνδρας
586 4102 640 4142 σου
660 4105 666 4117 ·
687 4071 804 4169 ἐγῶμαι
820 4081 836 4143 ὀ
850 4081 942 4154 καλός
964 4102 1027 4146 σου.
1042 4114 1093 4126 -
