2760 4816
158 399 193 447 50
446 403 484 444 DE
502 403 708 446 Porutnulnus
725 404 936 448 usscnuulonum

157 536 221 609 Qua
235 534 265 595 in
282 537 367 613 parte
381 532 524 595 nesaraer
536 550 598 611 qua
613 532 644 592 in
656 541 740 610 parte
759 532 880 614 campi?

157 635 287 711 Propter
297 628 444 712 'l’ymbaki
458 645 516 709 vox
528 634 595 690 erat
606 629 742 691 mulieris
755 628 916 706 Sfakianae,

157 743 228 804 qum
245 722 341 785 filium
353 721 454 800 flebat,
469 719 638 783 formosum
648 721 817 800 juvenem:

160 845 175 880 (ι
188 821 329 894 Ubinam,
344 819 398 895 fili,
411 818 468 880 tibi
480 818 613 881 occurrit
627 819 757 896 Charon,
774 826 804 881 et
818 826 848 882 te
861 820 982 902 rapuit?
1041 900 1043 905 Α

156 919 180 981 si
193 918 231 980 ad
246 919 337 981 boves
349 923 478 990 nostros,
491 917 567 996 jugo
579 915 744 1000 demittam
756 927 855 995 eoslet
866 917 1052 991 dissociem

154 1017 179 1078 si
194 1018 232 1078 ad
242 1033 377 1096 gregem,
389 1014 473 1095 gregi
487 1013 691 1076 tintinnabula
705 1015 879 1090 detraham;

156 1115 180 1175 si
193 1114 224 1175 in
237 1113 355 1188 vinetis,
374 1111 485 1192 stirpes
498 1112 649 1174 evellam
641 1158 650 1190 ,

154 1211 181 1272 si
195 1211 227 1273 in
243 1209 381 1281 ecelesia,
401 1228 440 1271 ne
453 1210 544 1271 sacris
555 1210 620 1288 jam
632 1209 782 1271 intersim.
798 1233 814 1269 u
829 1244 869 1256 —

158 1311 249 1372 «Nec
262 1309 300 1371 ad
315 1309 408 1370 boves
421 1313 554 1381 nostros,
568 1325 668 1388 neque
682 1307 715 1368 in
730 1308 832 1369 vineto
845 1307 920 1369 mihi
938 1309 1070 1371 occurrit
1088 1309 1225 1419 Charon3

154 1407 208 1470 sed
222 1409 338 1469 meoin
352 1405 472 1480 itinere,
491 1405 521 1466 in
542 1405 589 1467 via
610 1424 671 1486 qua
683 1405 779 1481 ibam,
1064 1412 1070 1423 “

153 1522 203 1567 me
217 1504 287 1566 ferit
303 1504 410 1566 lancea
424 1503 553 1580 Charon,
567 1510 597 1564 et
608 1502 747 1581 abripuit.
761 1527 775 1562 n

160 1639 294 1721 (Μεσαρᾶ,
306 1637 448 1716 Ὶύμπάκι,
464 1640 562 1699 Cretae
577 1637 648 1698 loci.
663 1671 701 1684 -
715 1639 826 1716 τοἋεγιε,
841 1638 873 1700 id
886 1647 942 1714 esi,
959 1640 990 1698 τὸ
999 1648 1034 1702 et
1046 1640 1143 1718 ἕλίγιε,
1166 1641 1228 1701 im·

154 1733 284 1815 perfecti
301 1732 410 1796 forma.
429 1767 467 1778 -
483 1729 635 1814 Σφακιανῆ,
653 1733 754 1797 insuia
767 1735 940 1814 asperrimae
960 1736 1100 1818 regionis
1113 1737 1227 1818 quaert

156 1829 262 1906 Σφακιᾶ
277 1829 398 1891 dicitur.
420 1861 459 1874 ·-
474 1826 560 1903 υἱόκα,
575 1829 605 1892 id
620 1835 666 1891 est
682 1831 747 1892 υἱόν.
759 1863 800 1878 -
811 1856 863 1906 τση
877 1833 1028 1895 Creticum
1045 1851 1102 1914 pro
1112 1858 1171 1906 της.
1185 1853 1228 1883 -’-

156 1927 365 2010 ἇποπαρασῦρω,
385 1943 445 1987 vox
456 1926 568 1990 cretica
575 1945 586 2008 3
614 1929 718 2008 vulgo,
746 1929 913 2012 ἀποσαρόνω,
941 1915 1227 2014 verra—boumbo-

156 2028 241 2104 γήσω,
259 2024 377 2088 everbo
389 2025 568 2106 λουτρουγάω,
582 2025 685 2107 vulgo,
696 2027 872 2107 tenoupptu.
886 2062 927 2074 —
939 2026 1029 2106 μουδὲ,
1046 2029 1146 2091 forma
1158 2046 1228 2108 quae

155 2124 304 2187 videture
318 2123 428 2201 ptr-otte
447 2122 627 2203 composita.
644 2158 681 2169 —
696 2124 768 2194 mit'
783 2125 894 2205 (παίζει)
909 2145 917 2186 :
938 2126 1023 2188 haud
1036 2125 1100 2189 seio
1115 2143 1155 2188 an
1169 2145 1227 2207 po-

156 2220 217 2282 tius
231 2221 269 2282 ab
282 2219 412 2300 antiquo
425 2219 509 2292 natu,
527 2219 640 2300 ferire.)

276 2356 351 2420 Καλὲ
366 2358 412 2416 καὶ
427 2362 479 2416 ποῦ
490 2357 677 2438 ἀρματόνεσαι,
691 2357 759 2417 καλὲ
775 2360 820 2418 καὶ
835 2366 884 2419 ποῦ
898 2363 1046 2442 rapuissem

277 2453 351 2528 καλὲ,
367 2453 398 2513 σὲ
409 2454 480 2532 γάμο
493 2451 524 2512 σὲ
541 2457 653 2525 καλοῦν;
668 2453 745 2523 καλὲ,
762 2453 792 2514 σὲ
805 2457 946 2538 πανεγύρι;
960 2491 999 2503 -

276 2550 369 2624 Μήντε
382 2551 412 2611 σὲ
425 2551 497 2628 γάμο
511 2549 546 2628 μὲ
562 2553 669 2626 καλοῦν,
691 2549 773 2627 prives
787 2549 815 2610 σὲ
827 2552 963 2634 πανεγύρι.

277 2649 312 2712 ‘0
322 2650 411 2732 Χοίρας
424 2649 496 2709 κάνει
510 2653 558 2727 pair
571 2649 653 2729 χαρὰ,
671 2648 811 2727 πανδρεύει
825 2649 869 2709 τὸν
883 2652 925 2710 att
937 2674 994 2725 του,

279 2751 355 2807 καλεῖ
368 2747 428 2813 τοὺς
443 2746 513 2814 urob(
525 2747 570 2824 γιὰ
581 2745 611 2805 τὸ
624 2746 699 2826 χορὸ,
716 2746 761 2804 καὶ
775 2747 841 2813 νιαὶς
854 2745 900 2826 pt&
912 2745 947 2806 τὰ
957 2749 1106 2831 τραγούδια,

277 2845 353 2904 καλιῖ
364 2843 409 2903 καὶ
422 2843 480 2908 ταὶς
491 2841 667 2922 γερόντισσαις
681 2840 712 2904 ἃς
724 2847 855 2921 πηρετοῢν
868 2844 914 2903 urb
927 2844 1009 2922 γάμο.

832 2933 1068 3022 (Tmeonicum.)

161 3099 177 3135 u
193 3074 319 3147 Diteete,
333 3091 396 3154 quo
410 3073 508 3134 iturus
519 3088 604 3132 arma
618 3070 743 3132 induis?

161 3173 289 3249 Dileete,
308 3173 347 3233 ad
358 3170 481 3252 nuptias
496 3187 535 3231 an
549 3168 588 3230 ad
603 3176 786 3231 conventum
799 3169 960 3230 invitatus?
973 3193 987 3229 u
1002 3205 1040 3214 —

163 3272 299 3350 «Neque
310 3268 350 3332 ad
365 3267 487 3349 nuptias
497 3266 651 3342 invitatus,
665 3266 817 3346 nequead
832 3274 1026 3330 conventum.

160 3369 247 3428 Festa
260 3372 348 3446 parat
362 3364 489 3438 Charon,
503 3363 574 3445 quia
588 3363 668 3426 tilius
680 3363 764 3427 ducit
777 3380 923 3440 uxorem;

160 3463 404 3540 invitatiurenes
419 3467 453 3524 ut
465 3462 584 3534 saltent,
597 3467 626 3522 et
640 3462 759 3542 puellas
771 3467 805 3523 ut
818 3470 938 3538 canant,

160 3571 191 3623 et
203 3578 278 3623 anus
293 3567 327 3622 ut
337 3560 450 3641 nuptiis
461 3559 660 3621 famulentur.
675 3581 691 3616 ›>

161 3703 264 3782 (μήντε,
278 3721 295 3764 e
311 3701 379 3781 μήτε
391 3709 581 3779 corruptum.
600 3735 633 3748 -·
650 3706 790 3783 πηρετοῦν,
805 3719 862 3781 pro
875 3705 1043 3783 ὑπηρετοῦν.)

280 3837 382 3908 Ἐσεῖς,
394 3832 490 3894 uouit&
505 3834 660 3913 πετούμενα,
672 3834 745 3918 ψηλὰ
757 3835 816 3914 μέσ’
832 3835 865 3894 τὰ
877 3836 1022 3918 ’πουρᾶνια,

279 3925 321 3993 εἶα
333 3933 415 3993 δώστε
427 3930 490 4010 λόγο
503 3931 566 4005 erbe
581 3933 743 4015 Φραγγιαὶς,
755 3933 874 4009 μανδᾶτο
884 3938 930 3992 τοῦ
944 3933 1095 4009 Moenibus,

280 4035 367 4111 πῆραν
379 4031 426 4104 τὴν
444 4029 523 4106 ΠοἋι,
538 4030 652 4111 πήρανε,
669 4033 754 4110 πῆραν
767 4033 811 4090 καὶ
828 4031 858 4090 τὸ
871 4033 987 4112 Φανάρι,

279 4131 366 4207 πῆραν
378 4129 422 4186 καὶ
437 4127 484 4199 τὴν
496 4126 574 4205 Ἅγια
588 4125 671 4209 Σοφιᾶ
682 4128 713 4185 τὸ
725 4128 795 4204 μέγα
810 4132 966 4208 μοναστῆρι,
