2760 4816
150 372 184 421 52
437 386 475 427 τιτ
497 387 697 430 νοιυιιιττνιιε
715 386 925 430 mmmmm

152 497 235 557 Unus
248 512 332 569 vero,
349 502 380 558 et
391 498 553 570 formosus,
572 497 711 578 quietum
732 515 764 558 se
777 505 883 559 lenens
896 513 992 575 agnus
1007 515 1015 555 :

155 613 170 648 α
185 592 255 669 Gur,
268 593 319 669 ait,
333 601 462 656 matrem
475 613 574 657 meam
590 595 721 659 comedit
731 600 824 675 atque
838 593 945 657 fratres
962 598 1066 655 meos!
1080 615 1098 650 ιν

194 799 221 854 4.
275 797 427 873 Σηκόνομαι
442 798 506 856 κάθε
517 800 598 879 πμοιί,
614 800 733 872 πάνοίγει
744 797 774 857 τὸ
789 797 949 874 ζουμποίιλι,

273 893 424 974 ἀφήκρασθε
438 894 471 953 νὸι
485 903 532 961 σᾶς
545 897 611 954 εἷπῶ
624 899 671 964 τῆς
682 895 783 960 Σούσας
795 893 825 952 τὸ
839 892 971 972 τραγοίὸι.

314 990 345 1050 Ἡ
364 994 452 1052 Σοῦσα
466 985 528 1066 ἦτον
543 991 660 1073 ὄμορφη,
672 995 719 1062 τῆς
735 994 840 1073 Κρήτης
851 992 882 1051 τὸ
894 991 1008 1067 καμοίρι·

273 1089 375 1167 ἀγάπαε
386 1089 416 1148 τὸ
431 1091 583 1170 Σαριμπίη,
597 1090 627 1149 τὸ
640 1094 729 1170 πρῶτο
743 1091 912 1170 παλληκιίμ·

274 1188 364 1262 ἀγάπα
378 1210 422 1246 τον
437 1188 556 1262 κιάγαίπα
568 1211 615 1258 την
629 1185 735 1266 χρόνους
749 1187 963 1266 δεκατεσσᾶρους,

273 1283 307 1350 ὥς
318 1285 341 1341 ν’
353 1284 418 1366 ἄμθη
431 1285 575 1364 τάδελφαίκι
586 1309 632 1356 της
646 1282 698 1342 ἀπὸ
708 1283 765 1349 τοὺς
777 1284 1003 1365 Σουσουρμοινούς·

272 1388 288 1453 ἡ
302 1383 391 1442 Σοῦσα
404 1373 456 1441 εἶδε
470 1382 529 1440 στὸν
544 1380 609 1440 ίίπνο
624 1406 678 1455 της,
692 1372 744 1442 ε’ίὸε
757 1381 801 1440 καί
819 1379 934 1460 στόνειρό
946 1403 1004 1453 της,

274 1483 330 1546 πῶς
343 1471 406 1560 {pec
416 1481 560 1561 τάδελφάκι
571 1504 626 1551 της,
639 1478 733 1561 κέκοψε
745 1479 775 1537 τὸ
789 1479 870 1556 λαιμό
880 1496 941 1549 της·

276 1576 319 1634 καὶ
335 1577 365 1635 τὸ
378 1577 447 1656 πρωὶ
459 1576 597 1648 σηκώθηκε
610 1575 744 1656 δέρνοντας
758 1577 802 1634 καὶ
817 1574 963 1649 κλαίοντας,

261 1674 319 1732 καὶ
332 1673 365 1749 μὲ
377 1675 406 1731 τὸ
421 1673 561 1749 μανδιλαίκι
576 1697 621 1743 της
636 1673 670 1730 τὸ
684 1671 784 1752 δάκρυα
798 1671 998 1752 σοογγίζοντας·

276 1776 291 1840 ἡ
308 1771 393 1846 μαίννα
407 1794 452 1840 της
467 1768 514 1842 τὴν
528 1772 624 1850 ἐρωτᾷ,
639 1773 681 1827 κιὸ
698 1769 769 1846 κίρις
781 1792 827 1841 της
840 1771 887 1838 τῆς
897 1766 984 1844 λέγει·

278 1901 317 1912 -
329 1869 365 1927 Τί
380 1869 435 1947 ἔχει
448 1868 479 1926 τὸ
493 1867 643 1928 Σουσανοίκι
659 1890 718 1946 μου,
730 1873 779 1925 ποῦ
791 1867 898 1927 κιίθεται
911 1867 956 1926 καί
968 1867 1073 1943 κλαίει;

277 1999 317 2011 -
329 1965 421 2047 Ἀπόψ’
437 1956 492 2024 εἷὸα
507 1964 567 2024 στὸν
583 1965 648 2024 ὔπνο
662 1990 724 2044 μου,
738 1954 796 2024 εἶδα
808 1967 852 2024 καί
867 1964 983 2044 στόνειρό
995 1988 1058 2043 μου,

277 2068 333 2130 πῶς
346 2056 409 2145 ἧρθε
420 2066 562 2146 τάδελμαίκι
577 2086 639 2143 μου,
654 2063 748 2145 κέκσψε
759 2063 790 2122 τὸ
803 2062 884 2142 λαιμό
900 2086 959 2140 μου.

277 2197 316 2208 -
328 2162 403 2221 Ἐκεῖ
413 2153 487 2222 ποὸν’
499 2163 644 2242 τάδελφιίκι
658 2187 720 2238 σου,
733 2164 804 2221 κέκεὶ
818 2163 886 2238 μέσα
899 2165 950 2219 ποῦ
964 2159 1073 2241 γυρίζει,

278 2259 345 2318 κιίνα
357 2260 425 2336 θεριὸ
437 2259 480 2318 τὸν
494 2260 586 2341 ἔφαγε,
601 2261 667 2318 καίνα
681 2259 758 2326 ἄλλος
773 2258 817 2318 τὸν
832 2259 920 2341 ὁρίζει.
930 2291 969 2304 -

323 2359 394 2416 Πάει
409 2358 498 2417 Σοῦσα
514 2357 547 2415 νὸι
560 2359 687 2435 κοιμηθῇ,
703 2358 776 2437 λίγον
791 2356 856 2416 ίίπνα
869 2357 902 2414 νὸι
913 2357 1000 2436 πάρῃ·

280 2456 358 2519 Ἀκοῢ
370 2455 418 2525 τὸν
432 2455 516 2533 πόρτα
529 2453 574 2512 καὶ
589 2457 695 2536 βροντᾷ,
709 2456 795 2534 πόρτα
805 2454 851 2514 καὶ
865 2453 1033 2522 κονδοννίζει.

281 2552 420 2626 -Σήκω,
436 2551 589 2634 Σαριμπεή,
603 2552 704 2628 ἀπσὸὼ,
717 2553 760 2610 καὶ
773 2552 837 2634 φύγε
851 2553 883 2627 μὲ
897 2551 944 2622 τὴν
959 2549 1030 2631 ὥρα,

282 2651 333 2726 μὴν
349 2652 438 2726 ἔρθσῦν
449 2650 494 2708 καὶ
509 2658 557 2725 μᾶς
571 2650 680 2708 καίνουνε
691 2649 832 2728 κσμμοίτια
842 2647 892 2707 στὸι
905 2648 1034 2709 σενδόνια.

284 2785 317 2794 -
333 2750 426 2820 Σήκω,
441 2751 529 2809 Σοῦσα
541 2771 600 2823 μου,
614 2747 735 2816 κιᾶνοιξε,
752 2747 820 2823 κέγὼ
835 2746 918 2826 γέρνω
933 2745 996 2817 στὴν
1010 2747 1101 2818 κλίνη,
1151 2789 1155 2795 -

282 2846 350 2921 γιοίτ’
363 2853 376 2905 ὁ
388 2845 465 2912 ὕπνος
478 2870 524 2905 σου
538 2840 606 2905 εἶναι
619 2845 724 2919 γλυκὺς,
737 2847 769 2903 νὸι
784 2848 857 2924 ’,οίγω
871 2844 913 2903 δὸν
928 2848 955 2922 μ’
970 2844 1063 2924 αἰφίνει.
1074 2877 1110 2890 -

320 2943 354 3002 Ἡ
368 2946 456 3003 Σοῦσα
470 2948 538 3020 πῆγε
551 2942 672 3014 κιᾶνοιξε,
691 2943 782 3020 βλέπει
793 2943 835 3002 τὸν
846 2943 942 3023 ἀδελφά
958 2963 1020 3012 της·

282 3041 442 3119 ἐθοίμπωκαν
453 3039 487 3100 τὸ
501 3040 583 3119 μαίτια
595 3065 651 3114 της,
663 3040 692 3098 τὸ
706 3045 759 3120 φῶς
773 3045 838 3097 τῶνε
853 3044 939 3114 ματιῶ
951 3064 1008 3112 της.

284 3178 321 3188 --
332 3140 382 3209 Δός
397 3165 446 3219 μου
461 3140 531 3221 νεμὸ,
546 3141 613 3223 μωρ’
629 3137 774 3211 Σουσανιὼ,
786 3137 854 3218 για’τ’
867 3129 942 3215 εἷμαι
954 3137 1141 3217 κουρασμίνος,

285 3241 364 3300 κιὸίπὸ
375 3240 407 3300 τὸ
421 3240 502 3321 δμίμσ
517 3239 547 3297 τὸ
563 3237 629 3297 πολὺ
644 3229 718 3315 εἷμαι
732 3234 947 3316 μπαϊλδισμίνος.
958 3271 995 3280 -

290 3340 371 3410 Κείνη
384 3337 443 3416 νερὸ
456 3343 500 3397 τοῦ
514 3339 606 3410 ἔδωκε,
617 3344 700 3403 κεῖνος
711 3335 770 3417 νεμὸ
784 3332 825 3392 δὲν
839 3332 923 3391 πίνει·

287 3438 335 3497 στὸ
351 3436 432 3515 μοίτια
444 3460 491 3508 την
507 3433 624 3508 ἐκύιταε,
638 3435 682 3494 καὶ
699 3435 757 3511 μέσ’
768 3433 798 3492 τὸ
812 3431 897 3509 στόμα
910 3436 999 3509 μιλεῑ·

286 3571 327 3583 -
337 3539 415 3601 Ποῐος
428 3525 476 3593 εἶν’
489 3534 574 3606 αὐτὸς,
586 3533 652 3612 μοιρ’
665 3527 813 3599 Σουσανιὼ,
829 3528 893 3601 στὴν
906 3532 1005 3611 ἀργνρῆ
1021 3552 1067 3588 σου
1079 3528 1172 3603 κλίνης

288 3640 335 3692 σοῦ
348 3637 416 3712 πῆρε
433 3631 480 3702 ὅλη
492 3630 539 3702 τὸν
554 3631 630 3709 τιμὴ,
644 3629 716 3708 τώρα
730 3629 756 3686 τί
769 3625 801 3686 θὸι
815 3632 863 3686 σοῦ
878 3626 979 3705 μείνας
993 3660 1033 3672 -

291 3728 380 3811 Χρυσὸ
394 3726 522 3810 Ιγαντσοίρι
535 3728 648 3808 τροίὸηξε
660 3730 706 3785 ἀπ’
720 3724 817 3807 αργνμὸ
830 3727 946 3805 φηκάρι,

290 3828 354 3901 στὴν
368 3826 463 3907 καρὸιαί
477 3850 525 3897 της
536 3826 566 3885 τὸ
580 3825 682 3898 κάθισε,
700 3828 750 3883 ποῦ
765 3821 853 3902 Χοίρος
866 3821 898 3880 νὸ
910 3822 960 3893 τὴν
973 3819 1062 3901 πιίρη·

289 3961 328 3973 -
340 3929 420 3993 Ποῖος
434 3916 481 3983 εἶν’
493 3924 578 3995 αὐτὸς,
592 3925 660 4001 μωρ’
675 3919 822 3997 Σουσανιιὸ,
834 3923 885 3980 ποῦ
895 3919 1010 3980 σοίδωκε
1024 3918 1054 3976 τὸ
1069 3917 1154 3996 Χοίρο,

291 4025 388 4103 κέμίνα
404 4025 431 4101 μ’
446 4021 624 4100 ἀπαραίτησες
639 4019 699 4079 στὸν
713 4019 798 4096 κόσμο
812 4019 856 4079 τὸν
871 4016 978 4087 ἀπίκας

290 4121 352 4202 σύρε
363 4121 394 4180 νὸι
410 4124 482 4204 βρῇς,
501 4122 567 4199 μοιρ’
583 4114 729 4188 Σουσανιὼ,
747 4116 821 4195 ἰατρὸ
834 4114 878 4195 γιὸ
899 4114 945 4186 τὴν
962 4113 1051 4191 πληγή
1067 4131 1123 4171 σοι’
