2760 4816
152 371 187 422 46
454 380 493 421 DE
512 379 713 421 roruutmaus
733 380 918 422 CANTlLBMS.

202 490 280 582 lam
296 532 409 581 veroa
426 519 478 581 tot
502 509 758 582 cantilenarum
784 508 971 606 generibus
992 508 1064 582 duo
1088 521 1224 583 tanturn

155 636 291 731 integra
320 643 354 704 et
377 631 480 728 plane
507 630 691 730 popularia
712 633 847 706 cantica
874 632 993 706 retulit
1021 634 1227 721 Athenaeus.

154 781 302 853 quorum
322 763 493 854 κορώνισμα
510 780 635 845 unum,
653 755 801 829 alierum
814 752 1015 856 χαλιδόννσμα
1029 758 1172 850 dieitur,
1193 773 1227 835 el

156 883 375 954 nuncetiam
404 881 470 952 sub
497 880 618 953 eodem
648 882 787 952 nomine
814 881 906 979 apud
937 884 1075 955 Graecos
1097 885 1135 955 in
1160 909 1226 957 usu

154 1031 230 1080 esse
254 1029 362 1102 supra
384 1014 458 1103 jam
492 1006 789 1098 memoravimus;
813 1006 995 1103 utriusque
1023 1008 1136 1097 euim,
1168 1034 1222 1080 ve-

153 1133 237 1203 teris
264 1129 343 1202 dico
367 1142 401 1202 et
423 1130 627 1203 recentioris
656 1119 839 1232 cantilena·
872 1129 987 1205 simile
1024 1131 1224 1224 eonsilium,

155 1255 283 1327 similia
302 1266 396 1341 vota,
428 1254 552 1326 similis
571 1253 802 1345 mendicati03
834 1257 942 1328 reteri
970 1268 1088 1329 autem
1115 1257 1227 1330 multo

43 1398 48 1408 ·
155 1379 235 1477 plue
260 1378 465 1452 urbanitatis
492 1392 526 1450 et
554 1377 733 1476 elegantiae
751 1376 866 1475 (Μὶν,
890 1381 978 1465 Vnt,
1013 1381 1098 1466 359,
1125 1382 1223 1477 360).

155 1486 658 1600 lnterplebeia'collocandum
681 1505 800 1592 etiarn,
822 1514 964 1576 auctore
980 1503 1175 1603 Athenaeo(
1200 1508 1224 1601 l,

155 1649 296 1699 carmen
313 1626 410 1723 quod
429 1627 473 1698 ed
491 1650 612 1698 eorum
636 1627 696 1722 qui
717 1625 822 1698 flores
844 1623 965 1724 legunt
982 1628 1225 1720 imitationem,

155 1776 175 1823 a
193 1753 311 1846 pueris
328 1773 409 1822 eum
429 1749 612 1821 saltatione
629 1749 859 1835 recitabatur,

209 1973 270 2033 ποῦ
286 1990 340 2056 μοι
362 1961 403 2030 τὰ
424 1953 520 2056 ῥόδα,
541 1971 600 2029 ποῦ
616 1988 670 2054 μοι
683 1959 724 2030 τὰ
738 1961 790 2050 ἴα,
804 1973 865 2031 uoti
885 1990 938 2056 μοι
953 1962 995 2033 ταὶ
1008 1964 1090 2034 καλὰ
1110 1970 1229 2051 eiiam

157 2147 229 2218 Nee
253 2140 431 2242 popularis
464 2145 579 2214 nrinus
609 2164 683 2239 prae
714 2167 751 2216 ee
781 2143 850 2215 fert
879 2145 1045 2217 carminis
1075 2145 1229 2242 speciem

156 2267 223 2340 hoc
243 2269 471 2347 laconicum:

259 2451 261 2456 ’
291 2452 365 2548 ἄμας
384 2454 457 2521 ποτ’
474 2452 549 2545 ἦμες
571 2449 695 2543 ἄλκιμοι
708 2454 822 2520 νεανίαι
832 2499 1004 2518 .....

159 2628 232 2699 Neo
247 2649 315 2697 non
331 2635 366 2697 et
383 2624 531 2721 insignis
551 2622 697 2696 Athenis
710 2621 899 2714 cantilena,

294 2830 323 2892 ἐν
343 2826 462 2918 μύρτου
476 2817 572 2892 κλαδὶ
590 2827 628 2892 τὸ
647 2819 732 2918 ξίφος
750 2829 873 2918 φορήσω

342 2951 443 3041 ὥσπερ
464 2937 617 3038 Ᾱρμόδιας
636 2952 687 3016 καὶ
703 2937 940 3044 Ᾰρισταγαίτων.

204 3123 280 3194 lam
296 3116 395 3191 vides
410 3141 514 3216 quarn
539 3119 691 3216 maligne
713 3118 939 3218 popularibus
959 3133 1113 3193 veterum
1134 3124 1228 3194 Grae·

156 3269 277 3318 cerum
300 3241 482 3317 cantilenis
503 3245 698 3342 pepercerit
716 3257 874 3342 tempus3
893 3268 948 3316 res
965 3245 1059 3317 enim
1074 3258 1108 3318 et
1120 3245 1227 3319 verba

156 3369 341 3465 quaerenti,
364 3367 573 3466 plerumque
596 3369 740 3440 nomina
764 3379 900 3441 tantum
921 3383 1121 3442 occurrunt.
1153 3372 1227 3445 Nee

155 3493 386 3565 recentiorum
410 3492 552 3590 quidem
580 3491 704 3565 melior
735 3493 873 3565 fortuna
902 3492 1048 3586 fuisset,
1081 3493 1148 3567 nisi
1182 3493 1228 3568 ab

156 3619 232 3714 ipso
251 3617 474 3695 recitantium
493 3641 551 3690 ore
571 3618 684 3714 accipi
699 3617 906 3714 potuissent.
929 3619 1094 3691 Veterum
1110 3630 1236 3705 eutem¹

156 3755 191 3814 et
206 3743 405 3814 recitatores
425 3753 458 3814 et
476 3741 654 3814 auditores
663 3739 799 3838 jamdiu
812 3742 945 3840 pariter
968 3741 1151 3816 siluerunt.

190 3921 225 3984 (1)
310 3919 382 3986 Παρὰ
394 3918 445 3975 τοῖς
457 3917 565 3975 ἰδιώταις
576 3917 715 3982 καλουμένη
730 3917 785 3970 ἄνθ
795 3936 806 3969 ι
815 3912 862 3984 αα.
966 3917 1044 3982 (Μὴ,
1057 3931 1113 3979 xlv,
1125 3919 1195 3980 629)

643 4134 734 4148 ”0
