2760 4816
502 365 671 431 unucuuuu
691 388 877 430 cruminans.

344 519 467 589 Παιᾶνα
487 535 542 590 τοῦ
564 525 708 601 θανόντος
732 515 950 615 ἐξαυδωμένας.

761 633 922 714 (Choana,
938 653 965 695 v.
982 635 1064 710 riu.)

203 828 285 900 Fuit
305 829 409 899 etiam
434 828 598 902 Elearum
624 831 813 902 muiierum
833 831 1016 925 ‘popularis
1041 832 1074 900 iu
1095 829 1225 927 Diony-

154 977 231 1025 sum
252 952 419 1048 hymnus,
447 961 547 1051 quua
563 949 682 1043 verba,
699 955 857 1054 neglecta
869 954 1011 1052 quidam
1031 956 1126 1026 omni
1147 954 1222 1027 dia-

152 1075 234 1148 lecti
259 1073 355 1145 iilius
376 1077 522 1165 rarione,
539 1077 762 1150 aPlutarcho
780 1081 925 1172 (Quaest.
943 1071 1076 1175 graecae',
1098 1101 1127 1149 a.
1148 1078 1223 1172 36),

152 1199 204 1271 sic
241 1198 474 1272 referuntur:
506 1205 600 1272 ἐλθεῖν
625 1203 687 1295 (θ)
716 1209 779 1295 ἥρω
812 1205 935 1272 Διόνυσε
969 1206 1056 1273 ἅλιον
1092 1207 1122 1280 ἐς
1140 1204 1224 1272 -ναθν

152 1326 242 1418 ἁγνὸν
262 1326 312 1392 σὺν
328 1325 528 1417 Χαρίτεσσιν,
545 1332 573 1406 ἐς
592 1329 663 1395 ναὸν
681 1336 726 1415 τῷ
751 1331 827 1415 βοέῳ
842 1324 917 1396 ποδὶ
931 1330 1018 1410 θύων,
1036 1321 1101 1407 σῖξιε
1123 1344 1224 1425 ταῦρε,

152 1443 219 1542 ἄξιε
244 1466 347 1547 ταῦρε.

199 1576 275 1646 Jam
302 1598 384 1646 varo
407 1572 450 1644 ad
482 1572 611 1643 erotica
642 1571 859 1644 venientibus
885 1573 986 1645 nobis
1020 1577 1077 1646 vix
1110 1599 1225 1672 oparae

152 1699 304 1796 pretium
334 1711 387 1771 est
415 1718 608 1769 memorare
634 1699 787 1784 Καλύκη,
817 1683 979 1793 Ἁρπαλύκη
1009 1714 1042 1772 et
1068 1695 1226 1798 Ἠριρανίς

113 1900 116 1909 ,
153 1820 313 1919 (Athen,
331 1823 423 1910 xlv,
440 1820 539 1914 619),
564 1821 631 1891 tria
643 1822 785 1893 nomina
799 1818 994 1917 puellarum
1017 1849 1094 1920 quae
1110 1823 1225 1896 locum

154 1945 321 2020 dederant
344 1943 519 2018 flebilibus
545 1943 749 2031 cantilenis3
785 1968 933 2040 quarum
962 1947 1066 2020 unius
1089 1959 1226 2020 tautum

153 2079 299 2169 ejusque
318 2070 450 2144 ultimae
470 2069 536 2141 hoo
558 2081 720 2167 superest
743 2097 751 2139 ι
779 2072 888 2167 μακραὶ
904 2068 1001 2166 δρύες,
1027 2073 1224 2168 ὦΜέναλκα,

154 2218 219 2269 nec
242 2195 434 2292 quidquam
455 2194 618 2291 amplius.
646 2193 1009 2291 insigniorasquidam
1024 2210 1143 2293 κῶμα,
1165 2225 1226 2276 sau

153 2341 275 2390 versus
303 2319 364 2414 qui
391 2316 616 2414 ajuvenibus
644 2315 709 2387 sub
732 2328 869 2388 noctem
893 2317 936 2388 ad
965 2318 1068 2391 limen
1096 2324 1227 2396 amica·

153 2465 232 2514 rum
255 2440 469 2514 canebantur
486 2442 552 2536 (li.

204 2582 276 2654 Nec
289 2577 349 2650 illa
368 2577 511 2675 quidem
526 2579 627 2648 etiam
645 2601 737 2648 nuno
748 2602 844 2649 novar
859 2577 1055 2652 dedidicere
1064 2583 1221 2672 Athena,

154 2701 208 2772 vel
229 2702 324 2772 ionia
354 2705 524 2797 Smyrua3
551 2699 612 2770 aad
642 2697 768 2770 fidibus
792 2710 826 2770 at
854 2701 994 2772 citharae
1015 2709 1090 2799 jam
1115 2728 1228 2780 auces-

156 2828 202 2898 ait
231 2825 389 2925 quadam
420 2823 645 2911 verecundia,
680 2848 880 2921 quanquam
908 2840 942 2898 et
975 2841 1130 2903 veterum
1167 2858 1226 2906 co·

157 2974 293 3023 morum
319 2950 495 3047 protervia
520 2948 665 3021 sortasse
702 2949 809 3020 multa
838 2952 952 3022 minus
975 2953 1010 3022 in
1033 2976 1098 3024 usu
1121 2976 1226 3048 quam

156 3073 249 3171 apud
268 3073 537 3172 Aristophanem
557 3073 771 3146 lasciviebat.
784 3077 896 3158 Certe,
911 3077 1048 3148 omissis
1061 3100 1139 3173 quae
1159 3076 1225 3151 sibi

160 3198 304 3273 indulsit
318 3198 518 3296 impudicus
537 3212 651 3296 poeta,
672 3223 733 3270 nac
749 3199 912 3296 populari
935 3225 1042 3272 musae
1058 3201 1222 3294 absonus,

158 3346 221 3395 nan
238 3323 334 3418 parvi
356 3321 455 3418 pretii
475 3321 529 3393 hic
549 3345 669 3392 comus
696 3318 866 3391 videbitur
884 3352 890 3389 :

474 3525 567 3606 Δεῦρο
588 3509 645 3602 δὴ,
669 3509 759 3608 θιῦρο
771 3509 832 3600 (λη’,

526 3642 578 3706 καὶ
607 3644 642 3706 σύ
667 3668 718 3733 μοι

421 3756 664 3858 καταδραμοῦσα
685 3769 742 3839 τὴν
761 3768 852 3858 θύραν

190 4025 226 4087 (1)
305 4020 387 4072 Pruna⁸
398 4035 468 4074 nocte
484 4023 582 4076 domum
596 4026 688 4084 dando,
704 4043 783 4092 neque
798 4027 823 4076 iu
839 4027 888 4076 vias

307 4106 351 4156 sub
365 4117 437 4158 cautu
452 4109 558 4174 querulu
572 4109 667 4175 despire
681 4110 754 4161 ubiae.
874 4111 978 4175 (floran,
996 4109 1088 4172 Cium„
1103 4125 1144 4175 m,
1162 4117 1197 4179 Ἰ.)
