2760 4816
231 208 264 269 ψ

525 363 695 407 caecorum
709 362 898 405 murionum.
927 351 933 385 ³
1214 356 1240 406 '7

164 479 206 550 'et
229 479 419 573 puerilibus
444 480 595 577 ingeniis
622 501 698 550 sese
720 478 1002 560 accommodent,
1025 490 1141 550 tamen
1165 504 1233 554 non

169 601 244 672 sine
273 601 448 698 leporibus
476 614 510 673 et
532 599 751 697 jucunditate
772 582 960 699 nuganturss
990 602 1124 690 Quibus
1153 606 1235 676 satis

168 725 301 799 similes
320 726 386 800 illae
401 727 504 800 etiam
521 751 599 824 quae
620 727 723 822 certis
742 728 824 798 anni
846 728 1063 822 temporibus
1082 729 1231 800 recitan-

167 859 225 919 tur
242 871 276 920 ‘a
301 826 416 946 pueris
435 850 591 922 divitum
613 849 735 921 domos
759 850 1055 923 circumeuntibus
1079 863 1117 922 ut
1144 853 1231 948 stipe

170 971 286 1067 aliqua
322 974 512 1062 donentur,
545 987 580 1046 et
614 973 690 1045 aliae
722 973 849 1044 Christi
881 971 988 1044 natali
1025 972 1105 1063 die,
1139 998 1230 1046 anno
1266 994 1269 999 “

167 1095 307 1168 ineunte
339 1097 430 1183 aliae,
459 1109 492 1170 et
517 1097 712 1195 Epiphania
731 1097 930 1194 Palnrisqne
955 1097 1145 1188 habentur3
1170 1121 1246 1168 nec¹

167 1216 267 1292 desiit
302 1223 408 1294 etiam
438 1247 531 1295 nuno
564 1247 642 1295 vere
670 1225 783 1318 primo
809 1221 896 1294 illud
923 1234 1023 1293 vetus
1051 1222 1227 1295 decantari

167 1339 297 1414 dietum
317 1342 514 1441 χελιδόνισμα
540 1368 695 1435 carmen,
727 1343 819 1441 quod
846 1346 906 1441 qui
931 1346 1087 1435 recitant,
1113 1369 1230 1417 secum

165 1466 387 1540 circumferre
411 1469 524 1542 solent
544 1468 741 1542 hirundinis
767 1467 1013 1552 simulacrum
1048 1480 1081 1538 et
1106 1469 1228 1540 iisdem

165 1589 237 1662 fere
257 1592 373 1665 verbis
391 1605 496 1691 atque
523 1591 618 1692 apud
642 1593 803 1688 antiquos
830 1615 906 1663 mos
926 1603 1020 1679 erat,
1056 1604 1090 1662 et
1108 1591 1230 1662 eadem

166 1725 313 1788 utuntur
339 1715 622 1812 mendicatione(
648 1717 675 1812 )

160 1857 163 1864 ·
216 1839 298 1910 Dies
322 1841 425 1912 etiam
448 1865 525 1937 quae
544 1841 705 1916 dieiturrl
733 1842 868 1934 Martha
893 1842 1075 1934 liupccaeuu'
1085 1840 1229 1926 ‚locum

163 1961 256 2034 dedit
279 1966 476 2055 cantilenis,
501 1966 684 2061 inquibus
710 1988 816 2060 quam
840 1964 955 2058 inepte
975 1945 1085 2034 multa
1108 1963 1226 2036 dicon·

161 2097 229 2171 tur,
254 2110 448 2182 parumque
475 2098 666 2184 congruant
690 2110 770 2178 oum
800 2083 985 2181 Evangelio
1019 2084 1222 2170 admireris;

161 2208 252 2280 uude
284 2209 385 2280 facile
416 2207 618 2306 intelligitur
647 2233 789 2305 operam
824 2209 896 2280 fere
938 2208 1067 2280 nullam
1109 2207 1225 2284 datam

160 2333 268 2404 fuisse
287 2332 378 2430 apud
410 2335 550 2406 Graecos
574 2358 618 2406 ne
637 2335 729 2405 omni
755 2333 880 2406 saltem
907 2356 1083 2405 sacrarum
1107 2359 1223 2407 rerum

160 2457 342 2553 disciplina
365 2472 498 2532 careret
516 2461 663 2555 vulgus,
684 2483 704 2530 a
722 2484 791 2556 quo
809 2457 1016 2555 jamdudum
1038 2483 1143 2531 meree
1163 2485 1223 2537 su-

158 2583 390 2675 perstitiones,
416 2594 450 2652 et
468 2582 660 2679 imaginum
679 2581 908 2652 emulationes
927 2577 1223 2677 salutationesque

159 2729 219 2801 pro
247 2702 412 2800 religione
437 2702 622 2775 habentur.
656 2702 747 2792 Quid
776 2726 857 2773 vero
888 2702 980 2798 quod
1008 2726 1051 2773 ne
1077 2704 1222 2778 Athenis

159 2829 297 2924 quidem
322 2830 379 2898 vix
401 2826 508 2899 ullam
534 2837 605 2898 toto
627 2829 863 2923 quinquennio
887 2824 1042 2898 habitam
1074 2846 1149 2900 esse
1174 2829 1219 2901 ad

158 2948 325 3046 populum
349 2949 565 3021 asacerdote
586 2948 776 3020 orationem
798 2945 1014 3020 audiverim!
1051 2971 1053 2974 ·

205 3075 281 3143 lam
294 3096 373 3143 vero
387 3073 526 3169 proprie
541 3070 749 3144 domesticas
766 3071 956 3144 cantilenas
967 3065 1221 3168 aggrediamur,

158 3195 322 3292 equibus
341 3198 489 3268 maxime
512 3199 622 3268 nitent
643 3196 703 3268 illa
726 3207 873 3292 quaerut
894 3173 1048 3292 χωριὲμοῦ
1066 3197 1221 3292 carmina

157 3319 331 3404 dicuntur,
349 3332 383 3390 et
404 3325 580 3416 μυρολόγια.
1206 3315 1208 3318 ’

203 3446 367 3540 Augustae
394 3441 533 3538 quidem
558 3453 593 3512 et
616 3439 732 3539 inopis
753 3441 878 3538 patriae
900 3463 999 3511 amor
1026 3441 1217 3516 acerrimus

155 3566 293 3658 dicitur,
311 3589 424 3662 neque
438 3566 473 3638 id
496 3566 634 3663 injuria.
666 3569 746 3668 Quo*
763 3566 856 3637 euim
878 3564 1068 3661 angustior,
1087 3590 1127 3638 eo
1146 3591 1219 3641 ma-

153 3692 219 3786 gis,
247 3703 286 3764 ut
305 3693 354 3762 ita
372 3689 499 3779 dicam,
523 3700 654 3763 tuaest
672 3689 802 3786 patria,
824 3702 858 3760 et
883 3688 983 3785 quasi
1010 3689 1216 3761 suburbium

152 3815 278 3887 domus
303 3827 337 3886 et
365 3815 489 3887 natalis
516 3814 602 3905 looi;
631 3838 701 3910 quo
729 3815 840 3910 magis
864 3816 983 3908 inops,
1013 3835 1052 3883 eo
1080 3812 1215 3884 vivendi

183 4025 219 4088 (l)
233 4022 268 4072 Cf.
281 4022 381 4080 Abram
396 4021 426 4071 de
438 4021 561 4079 Dialectia
570 4021 601 4082 ll,
614 4024 671 4070 tta.
686 4019 861 4069 Chelidonismn
872 4032 1001 4083 puerorum
1014 4014 1172 4068 Rhodiorum.
1183 4051 1210 4063 ..

152 4108 251 4168 Passum,
267 4109 377 4157 Carmina
392 4106 530 4175 popularia,
544 4109 632 4157 tutti
642 4108 662 4154 l.
