2760 4816
476 394 654 442 onnconun,
669 393 856 437 clnrrnnms.
1167 393 1200 442 38

136 539 202 619 ιιίας
216 576 269 587 -
288 534 341 610 διὰ
363 545 398 610 τὸ
423 545 519 636 λέγειν
550 540 639 605 αὐτὸν
659 547 722 605 τοῦ
743 540 786 629 μὴ
812 544 923 633 ἐγεῖραι
944 541 1045 634 μιίχην
1062 574 1116 587 --
1131 545 1200 635 πρὶν

137 663 155 738 ἢ
177 677 241 733 τοῦ
260 667 349 735 εἰπεῖν
365 703 409 714 -
424 669 585 742 τελειώσας
605 672 669 730 τοῦ
685 644 821 756 λέγειν..
914 678 915 682 ’

188 778 368 864 Ceterum,
394 775 640 872 qualicumque
667 774 898 872 assignaveris
926 779 1019 848 atati
1049 780 1204 854 earmina

139 923 217 996 qnae
231 903 265 972 in
285 900 399 973 medio
414 912 508 988 sunt,
531 897 769 996 superioribus
789 897 915 970 seculis
936 911 970 972 et
991 900 1061 975 alia
1078 914 1206 1003 otper-

140 1023 251 1098 multa
272 1024 474 1121 provenisse
505 1025 541 1095 in
568 1021 690 1095 dubio'
706 1046 796 1112 esse,
834 1036 873 1095 ut
899 1025 1036 1121 opinor,
1063 1029 1205 1125 nequit3

141 1173 250 1244 quum
265 1171 346 1222 vero
364 1159 506 1245 tempus
524 1159 585 1219 aut
597 1169 713 1218 rerum
733 1147 776 1219 de
796 1148 925 1244 quibus
947 1150 1116 1248 agebatur
1134 1177 1209 1226 me-

142 1274 287 1345 moriam
297 1273 510 1360 exstinxerit,
524 1283 584 1344 aut
600 1294 703 1343 omne
718 1272 897 1343 vetustatis
909 1271 1079 1346 indicium
1092 1276 1128 1346 in
1144 1274 1213 1348 illis

141 1420 219 1494 quae
229 1393 606 1494 supersuntdeleverit,
619 1417 772 1490 quanam
785 1406 885 1467 aetate
894 1392 986 1467 edita
997 1396 1127 1472 fuerint
1137 1405 1211 1496 jam

142 1523 314 1594 incertum
330 1532 394 1593 est.
410 1521 503 1621 (Duo
526 1531 642 1591 tamen
660 1517 775 1590 adhue
794 1520 923 1592 omisso
940 1519 1071 1594 afferre
1093 1521 1213 1607 veliin,

144 1667 255 1716 unum
273 1630 487 1742 eGeorg'illae
497 1641 539 1714 de
553 1653 656 1739 capta
678 1642 977 1742 Constantinopoli
991 1646 1148 1718 carmine
1164 1671 1217 1719 se·

145 1767 285 1852 lentum,
305 1767 398 1864 quod
416 1766 583 1864 populare
602 1765 761 1863 quidem,
784 1780 845 1840 aut
859 1767 981 1841 saltem
996 1769 1041 1842 ad
1067 1769 1214 1869 popula-

143 1892 234 1964 rium
244 1892 439 1964 carminum
448 1892 680 1962 imitationem
688 1891 807 1962 fiotum
820 1915 895 1963 esse
906 1916 1009 1965 nemo
1018 1895 1212 1992 negaverit:

197 2108 279 2216 Ᾰρης
297 2113 544 2215 ἐπερνοδιᾶὅαινε
564 2127 621 2196 την
638 2123 746 2215 τρίτην
767 2127 994 2218 βονριιωμένος,

198 2250 259 2314 ἀπὸ
278 2249 332 2314 τὸν
350 2232 444 2340 Ᾰγιαν
457 2229 602 2338 Ῥωμανὸν
620 2247 699 2326 ὅλως
717 2247 950 2341 αἱματωμένας,

198 2374 255 2438 στὸ
275 2367 352 2463 αἱμα
372 2378 433 2439 τῶν
454 2375 644 2463 Χριστιανῶν
661 2371 966 2466 αἱματοκυλισμένος.

199 2481 227 2561 ll
248 2483 410 2587 Ᾱρροδίτη
430 2495 534 2561 ἔστεκι
549 2491 590 2560 τὰ
612 2484 732 2588 δάκρυα
749 2503 933 2589 γεμισμένη,

197 2617 235 2687 νᾶ
252 2618 343 2714 ιιλαίη
361 2619 445 2696 νέους
462 2620 640 2710 εὕμορρονς,
660 2618 789 2709 κοράσια
807 2625 999 2721 ὠραιωμένᾳ·
1059 2622 1061 2625 ’

197 2744 249 2811 καὶ
268 2749 284 2810 ὁ
304 2728 409 2837 Ερμῆς
428 2743 513 2834 τάχα
530 2742 643 2836 θρηνῶν
660 2731 840 2838 ταρηγαρῶν
858 2745 984 2820 ἐκείνην·

199 2865 302 2933 -Τί
319 2868 413 2958 ἔχεις,
429 2854 591 2959 Ᾱρροδίτη
611 2892 682 2957 μου,
700 2869 752 2935 ιιαὶ
771 2862 849 2935 εἷται
866 2866 1067 2965 χιλιασμένη;
1078 2864 1162 2922 -”

198 2992 262 3059 Καὶ
278 2997 296 3065 tl
314 2991 425 3066 Σιληνη
440 2989 607 3085 ἀπομαιιρὰ
620 2991 718 3058 στένει
734 2985 853 3061 κιούδεν
868 2998 995 3084 σιμόνει,
1024 2988 1027 2994 ’
1087 2988 1089 2992 “

200 3117 251 3182 καὶ
272 3116 377 3199 βλέπει
398 3113 450 3182 καὶ
466 3107 655 3206 θαυμάζεται
668 3117 719 3182 καὶ
737 3118 842 3208 τρέμει
857 3116 918 3186 ἀπὸ
937 3122 991 3187 τὸν
1008 3117 1122 3213 odfini,

199 3239 251 3304 καὶ
268 3238 460 3330 τὰστοιχεῖα
476 3240 624 3329 τούρανοῦ
642 3236 781 3324 ιιλαίαυν,
798 3238 921 3331 θρηνοῦν
939 3245 996 3317 τὴν
1014 3245 1115 3317 πολιν.

145 3449 246 3512 Tertia
259 3446 308 3509 die
321 3447 449 3508 Martem
460 3445 654 3508 obscuratum
667 3445 809 3521 vidimus,

146 3549 257 3608 cruore
271 3561 363 3624 quem
378 3542 416 3604 ad
432 3542 534 3606 Sancti
545 3544 675 3607 Romani
691 3545 858 3626 collegerat
869 3548 1053 3629 madentem,

146 3643 382 3706 Christianorum
399 3640 512 3703 scilieet
525 3640 557 3702 in
570 3659 676 3706 eruore
687 3643 868 3707 volutatum.

148 3740 252 3803 Stabat
267 3739 390 3820 perlusa
404 3737 538 3802 lacrimis
555 3741 667 3817 Venus,

148 3837 291 3918 pulchros
300 3837 429 3915 juvenes
441 3835 557 3898 dellens
571 3835 779 3918 formosasque
789 3840 936 3920 virgines:

149 3939 198 3999 cni
213 3954 341 3998 moerens
354 3934 420 4015 ipse
432 3935 611 4005 Mercurius,
626 3944 733 4016 utpote
745 3937 941 4012 solinimons,

155 4035 298 4108 «Venus,
317 4032 390 4115 quid
406 4032 491 4094 doles
504 4039 534 4094 et
550 4033 711 4096 tremensi
725 4059 740 4092 n

108 4144 113 4154 ’
152 4135 189 4194 nt
203 4135 286 4194 Luna
299 4149 454 4205 seorsum,
468 4139 582 4193 remoto
601 4152 618 4193 a
633 4135 753 4207 ceteris,
