2760 4816
591 306 616 348 U

490 391 661 436 amonuit
679 391 869 434 cumulamus.

228 532 384 623 λιτταλέῃ
408 543 519 624 φωνῇ.
549 579 558 599 ,
590 579 598 596 .

679 639 682 645 ’
766 640 857 722 (Ilias,
874 654 957 716 xv111,
975 657 1000 699 v.
1016 638 1099 714 570.)
1179 701 1181 705 .

233 796 366 890 Οὐρανίη
384 789 413 864 δ’
428 793 476 889 ἄρ’
495 799 610 865 ἔτικτεν
629 797 747 865 Λίνον
766 845 774 862 .
805 845 813 861 .
844 842 854 860 .

232 919 263 988 ὃν
284 913 323 998 δὴ
340 925 406 991 ὅσοι
420 922 528 1017 βροτοί
544 924 616 992 εἰσιν
636 915 737 997 ἀοιδοὶ
751 923 803 992 καὶ
816 923 986 1018 κιθαρισταί
1072 976 1075 980 1
1117 952 1120 957 ·

235 1048 346 1128 πάντες
364 1047 418 1141 μὲν
436 1047 592 1142 θρηνοῦσιν
608 1054 637 1118 ἐν
657 1048 822 1127 ιιλαπίναις
839 1073 875 1116 τι
893 1055 995 1141 χοροῖς
1009 1073 1060 1133 τι,

233 1172 394 1266 ἀρχόμενοι
408 1165 443 1241 δὲ
463 1174 575 1242 λίνον
601 1175 653 1242 καὶ
668 1177 813 1269 λήγοντος
837 1177 1006 1242 καλέουσιν.

701 1346 706 1358 ,
760 1283 899 1366 (Hesiodi
911 1283 1021 1364 fragm.
1037 1285 1100 1360 ut.)

154 1447 239 1521 Aliae
264 1472 287 1523 a
316 1450 521 1539 textoribus,
553 1463 592 1524 ut
623 1475 701 1547 quae
734 1451 857 1523 Elinus
884 1448 1064 1523 dicebatur
1089 1473 1110 1522 e
1135 1449 1220 1521 Lino

153 1572 271 1645 forsan
302 1573 396 1645 haud
424 1573 574 1663 diversa,
607 1574 684 1648 aliae
711 1577 801 1648 inter
819 1573 1057 1661 messendum,
1083 1585 1123 1646 ut
1141 1597 1219 1670 quae

143 1687 340 1794 'Lityersem
360 1697 661 1772 decantabantur:

225 1868 292 1949 llll
311 1890 371 1949 τῶν
396 1883 638 1977 ἱστουργούντων
654 1875 720 1970 ult
732 1885 849 1960 ἴλινος
872 1885 1012 1964 (Athen,
1024 1903 1086 1962 xlv,
1101 1884 1165 1965 lu).
1180 1916 1219 1930 —

155 2003 247 2074 Κατὰ
264 2008 317 2094 μέν
336 2031 421 2083 τινας
441 2007 502 2072 ἀπὸ
518 2016 573 2073 τοῦ
586 2015 728 2076 κλωστοῦ
741 2005 825 2075 λίνον
850 2010 1051 2092 (Hesychius).
1073 2042 1115 2058 -··
1136 1990 1164 2072 ll
1185 1996 1219 2073 δὲ

153 2137 214 2196 τῶν
231 2129 375 2221 beplacito
397 2122 462 2216 ᾠδὴ
486 2132 694 2222 λιτυέροης
721 2132 1011 2214 (Athuu.‚x1v,llll·
1103 2118 1104 2122 Ἰ
1192 2169 1198 2182 ·

154 2311 289 2401 Quibus
317 2312 458 2408 quidem
489 2312 691 2401 cantilenis,
722 2312 887 2409 neglectis
914 2337 992 2406 quae
1017 2324 1149 2385 veteres
1176 2312 1219 2386 de

152 2437 331 2508 nominum
363 2437 496 2534 origine
516 2436 702 2509 commenti
728 2447 821 2526 sunt,
847 2435 934 2508 nibil
961 2435 1054 2508 aliud
1081 2435 1220 2509 flavisse

152 2561 323 2646 homines,
337 2573 476 2632 auctore
495 2560 771 2648 Plutarchollsis
786 2572 820 2632 et
839 2558 961 2650 Osiris,
980 2557 1115 2657 5489),
1142 2563 1220 2657 opi·

154 2710 230 2776 nor,
251 2687 315 2756 nisi
335 2685 515 2786 hibernam
543 2684 808 2757 occultationem
826 2685 964 2781 frugum
992 2696 1026 2755 et
1049 2686 1148 2781 quasi
1168 2686 1220 2757 in·

152 2804 454 2883 teritumna‘tunae.

199 2937 277 3009 lam
299 2957 378 3006 varo
404 2936 493 3005 iuter
509 2956 632 3005 omnes
649 2932 893 3027 insignissimae
917 2957 993 3028 quae
1014 2934 1049 3004 in
1079 2933 1218 3008 domes·

152 3061 230 3134 ticis
248 3060 430 3133 funeribus
445 3058 663 3134 habebantur
676 3059 872 3147 cantilenam
893 3060 952 3155 qui
968 3071 1093 3148 mos‚'a
1104 3083 1220 3133 recen·

152 3184 299 3258 tionibus
323 3186 452 3258 Grauis
474 3181 629 3255 adhunc
651 3180 744 3254 diem
769 3193 939 3267 servatus,
967 3184 1098 3278 passim
1123 3181 1219 3279 apud

152 3321 310 3381 auctores
329 3307 528 3380 nominibus
542 3306 646 3378 variis
664 3304 899 3403 significatur:

256 3474 337 3556 Mll‘
352 3487 495 3575 ὁμαρτεῖν
515 3473 679 3573 τυμὸοχόα
697 3480 890 3575 χειρώματα,

256 3608 328 3697 μήτ’
343 3597 527 3696 ὀξυμολποις
544 3596 722 3696 προσσίόιιν
741 3600 873 3697 οἰμώγ
883 3629 906 3694 μ
917 3628 936 3669 α
947 3629 1017 3671 σιν.

654 3712 769 3793 (AEsch.
794 3712 936 3788 Thebais,
952 3732 979 3773 v.
996 3714 1095 3795 1000.)

256 3885 379 3950 Μοῦσαι
399 3875 426 3950 δ’
440 3883 524 3949 ἐννέα
537 3885 634 3954 πᾶσαν
649 3875 846 3972 ἀμιιὸόμιναι
861 3879 914 3947 ὀπὶ
926 3885 1004 3974 καλῇ

258 4009 440 4100 θρήνεον.

738 4096 869 4176 (Odyss,
882 4115 963 4172 xx1v,
979 4117 1005 4160 ν.
1022 4099 1087 4180 00.)
