2760 4816
504 292 687 425 amorrui?
695 381 877 422 eraclianus.
930 397 931 400 ¹
1121 322 1147 374 ᾳ
1196 372 1227 422 41

200 512 414 586 Praclarum
431 515 591 585 etiamin
616 511 721 584 lliade
741 514 886 608 (XXIV)
908 511 1089 609 myrologii
1111 535 1228 584 exem-

152 636 266 735 plum,
283 640 347 710 etsi
372 663 490 711 rerum
521 650 553 710 et
583 661 809 735 personarum
838 636 1004 734 peculiari
1032 636 1229 710 conditione

153 761 287 834 lactum
305 761 351 832 sit
366 774 402 833 ut
417 761 537 844 verba,
555 763 590 833 ni
604 759 749 846 fallcr‚a
763 760 1036 858 myrclogiorum
1050 763 1229 833 communi

152 887 287 957 ratione
314 884 565 972 abhorrerent3
594 886 655 980 qui
685 908 767 956 vero
795 884 886 956 valet
909 885 1000 982 apud
1025 878 1229 971 hodiernos,

155 1007 319 1083 cumdem
334 1009 382 1081 'et
408 1008 478 1081 illis
501 1007 716 1106 temporibus
747 1033 880 1081 morem
912 1009 1021 1082 luisse
1048 1004 1227 1094 ridemus,
1302 1081 1316 1105 ‚

153 1131 243 1205 utin
267 1132 458 1206 exercendo
480 1134 576 1206 luctu
596 1145 713 1229 partes
723 1134 787 1205 viri
801 1157 876 1207 non·
885 1133 1065 1219 haberent,
1082 1133 1146 1205 nec
1159 1133 1229 1205 nisi

153 1253 296 1326 honoris
323 1278 429 1328 causa
447 1254 667 1328 ‘credendum
690 1268 742 1327 est
763 1255 842 1328 illos
868 1252 988 1337 ἀοιδοὺς
1006 1261 1117 1354 θρήνων
1145 1253 1230 1352 ἐξάρ-

154 1381 226 1474 χους
247 1377 395 1452 affuisse
416 1382 577 1452 Hectoris
601 1380 742 1451 feretro.
772 1384 862 1466 ‘Quae
887 1392 1004 1453 autem
1035 1379 1129 1477 apud
1162 1384 1227 1452 So-

153 1501 316 1596 phoclem
346 1503 601 1600 offundirpm
626 1505 794 1576 moritura
812 1505 995 1600 Antigone,
1020 1503 1149 1576 mirum
1176 1516 1227 1574 est

155 1647 261 1721 quam
280 1640 360 1722 apte
379 1626 627 1699 hodiernorum
655 1626 926 1725 myrclogiorum
957 1626 1107 1699 colorem
1136 1627 1190 1698 ref
1211 1667 1226 1680 ·

156 1759 264 1820 rant:
384 1801 386 1804 >

393 1907 472 1986 Ᾰλλ’
490 1921 537 2011 ἐφ’
559 1925 575 1984 ὁ
595 1920 768 2013 παγκοίτας
853 1973 856 1977 .

396 2031 494 2119 Ᾰΐδας
517 2037 615 2121 ζῶσαν
635 2041 701 2137 ἄγει
737 2089 1009 2107 ......

348 2211 356 2228 .
388 2212 395 2228 .
428 2213 435 2228 .
547 2168 612 2232 οὔτ’
631 2156 841 2258 ε’πινυμφίδιός

394 2293 433 2381 με’
451 2316 496 2367 τις
515 2294 606 2382 ὕμνος

341 2417 490 2504 ὕμνησεν,
510 2403 748 2507 ἄλλ’ἐᾹχέφοντι
764 2416 926 2506 νυμφεύσω
949 2403 963 2505 (
988 2404 1014 2504 ).

909 2529 946 2601 (v.
963 2528 1045 2603 810.)

205 2730 425 2825 Popularium
446 2741 562 2802 autem
583 2729 835 2801 cantilenarum
857 2754 935 2827 quae
957 2755 1078 2825 preces
1102 2742 1137 2804 et
1152 2731 1226 2804 lau·

155 2851 215 2926 des
234 2854 384 2924 Deorum
408 2850 649 2936 continebant,
674 2853 816 2945 nomina
832 2853 906 2926 haec
928 2867 1034 2926 sunt:

209 3067 250 3132 Οἱ
266 3057 300 3133 δὲ
322 3049 421 3135 leuior
435 3068 615 3159 καλούμενοι
639 3058 718 3153 ’ᾠδαὶ
731 3071 870 3161 Δημῆτφι
890 3069 942 3136 καὶ
957 3070 1127 3163 Φερσεφόνῃ
1152 3074 1225 3165 πρέ-

153 3214 274 3256 πουσιν·
294 3223 346 3236 -
362 3194 381 3264 ἡ
398 3183 432 3259 δὲ
450 3190 491 3269 εἰς
508 3179 686 3258 Ᾱπόλλωνα
707 3182 773 3276 ᾠδὴ
799 3193 955 3282 φιληλιάς·
974 3228 1015 3240 -
1031 3195 1174 3289 οὔπιγγοι
1190 3187 1224 3263 δὲ

116 3357 123 3374 .
155 3311 186 3378 αἱ
209 3313 249 3391 εἰς
271 3296 704 3405 riprtptrlrlthen.‚x1v‚l0).

202 3497 313 3615 Ἰοολοι
329 3517 400 3586 sive
418 3517 501 3585 οὖλοι
515 3514 721 3588 dicebantur
736 3518 890 3611 congesti
910 3517 945 3587 iu
966 3517 1096 3590 fascem
1111 3523 1225 3591 mani·

154 3637 250 3734 puli3
275 3638 367 3711 unde
391 3638 529 3735 quidem
554 3638 595 3710 ad
616 3639 778 3735 hymnos,
797 3652 831 3711 et
852 3638 896 3711 ad
920 3643 1034 3738 ipsam
1061 3646 1222 3716 Cererem

154 3783 281 3834 nomen
294 3764 427 3834 transiit
443 3791 451 3833 ι
469 3771 569 3860 cujus
583 3763 724 3858 quidem
747 3765 930 3838 cantilena
952 3768 1037 3840 nihil
1051 3782 1223 3864 superest,

185 4034 221 4098 (l)
313 4037 386 4100 Ἐψὲς
398 4038 447 4100 ἐγὼ
458 4038 638 4104 competitura,
650 4039 706 4103 rot:
719 4041 781 4104 ἀργὰ
791 4041 819 4090 τὸ
831 4043 916 4108 βφάδν,

319 4125 332 4171 ὁ
348 4123 425 4188 ’ᾍδης
441 4117 481 4172 εἶν’
495 4125 508 4172 ὁ
520 4122 608 4188 ἄνδρας
620 4127 702 4189 poeni
717 4124 788 4174 πλάκ’
801 4129 816 4185 ἡ
829 4128 919 4193 πεθοφᾰ
932 4145 989 4192 μου.
1027 4129 1140 4193 (rasos,
1158 4133 1227 4191 att.)
