2760 4816
464 46 514 175 Q
569 42 597 95 tt

190 367 223 415 to
479 372 515 411 ne
529 365 736 416 uornrnnntns
755 368 968 411 nnnrnntorntt

188 509 234 592 Ᾰν
252 524 330 592 εἷσαι
348 529 384 592 σὺ
402 531 418 593 d
434 518 547 616 ἄνδρας
568 550 638 610 μου,
661 519 695 587 ἂν
715 517 792 587 einer
812 523 935 598 ὁκαλός
951 547 1029 611 μου,

188 644 268 729 δεῖξε
282 629 422 742 σημάῖια
438 643 494 727 τ’ἥς
515 651 619 728 αὐλῆς,
633 648 775 713 tininensi
786 643 824 710 νὰ
841 651 868 712 n'
888 638 1008 720 ἀνοίξω.
1026 676 1079 687 --
1140 661 1153 666 '⁴

188 774 311 848 Μηλιὰν
333 777 410 865 ἔχεις
427 774 503 845 στὴν
521 772 622 865 πόρτα
642 796 709 852 σου,
733 773 784 836 καὶ
802 775 908 860 κλῆμα
927 771 1003 842 erin
1021 770 1100 840 αὐλή
1115 791 1178 832 σου.
1191 762 1261 815 4-

191 894 310 967 ntroin
327 887 466 989 σημάδια
480 906 536 974 τῆς
557 899 662 978 αὐλῆς,
679 896 719 962 τὰ
733 889 790 986 ξέρ
810 902 826 961 ὁ
844 896 958 985 κόσμος
972 895 1062 970 ὅλος·

187 1017 267 1099 δεῖξε
283 1014 422 1114 σημᾶδια
441 1031 499 1087 τοῦ
516 1030 659 1104 σπητιοῢ,
677 1021 817 1084 κιάπεκεῖ
833 1016 870 1084 nit
892 1019 920 1083 α’
938 1005 1058 1094 &notin
1073 1049 1128 1060 -

174 1151 294 1238 Χρυσῆ
312 1138 452 1218 nerduini
465 1146 610 1237 κρέμεται
631 1145 689 1215 erit
716 1148 868 1235 ρέση,τοῦ
887 1145 961 1209 dreni
979 1166 1045 1208 σου.
1065 1174 1118 1185 -

133 1316 142 1327 ..
187 1267 276 1336 Αὐτὰ
295 1267 336 1336 τὰ
355 1263 413 1362 ἱέρ’
431 1275 449 1342 ri
469 1267 616 1363 γειτονιὰ,
635 1268 675 1334 τὰ
689 1262 748 1359 ἱέρ’
769 1273 785 1334 ὁ
804 1269 917 1357 κόσμος
931 1268 1019 1342 ὅλος·
1035 1252 1037 1258 ¹

188 1384 267 1470 δεῖξε
282 1385 422 1484 σημάδια
441 1401 496 1459 τοῦ
512 1401 650 1484 κορμιοῢ,
666 1391 806 1458 >tininensi
818 1388 856 1481 vit
874 1394 900 1457 α’
920 1381 1040 1465 ἀνοίξω.
1054 1423 1106 1436 --

188 1506 281 1588 dtdzv
298 1521 374 1611 ἔχεις
394 1518 452 1582 ord
474 1516 623 1607 μάγουλο,
640 1517 722 1581 ἔλιαν
742 1517 817 1587 enin
842 1513 1020 1605 ἀμασχάλη,

187 1645 240 1711 καὶ
254 1643 309 1711 στὸ
324 1635 389 1718 δεξί
404 1668 457 1708 σου
476 1642 514 1707 τὸ
538 1634 604 1724 βυζὶ
619 1640 709 1730 ρικρή
734 1631 987 1729 δαγκαματίτσα.
1001 1671 1047 1688 —-

188 1766 324 1861 Βαγιαὶς,
343 1765 482 1855 τρεχᾶτ’,
502 1757 656 1838 ἀνοίξετε·
681 1763 772 1842 αὐτὸς
790 1758 841 1826 εἶν’
858 1765 875 1826 ὁ
892 1761 983 1839 καλός
1006 1788 1076 1851 μου.

881 1869 1022 1952 (resson,
1042 1872 1120 1947 tit.)

188 2054 292 2117 Puella
308 2052 361 2126 mi,
376 2070 432 2131 ego
445 2051 553 2112 adsum
566 2048 678 2127 conjux
693 2055 723 2110 et
738 2048 866 2109 dilectus
880 2055 961 2109 tuus.
971 2081 1013 2093 -

188 2153 218 2214 Si
234 2151 347 2228 conjux
360 2151 434 2211 edes
447 2155 479 2210 et
492 2147 625 2209 dilectus·
634 2165 732 2218 meus,
793 2138 794 2142 ’

189 2249 242 2309 Die
255 2247 331 2309 mihi
343 2246 421 2309 aulae
436 2254 532 2318 notas,
550 2253 581 2305 et
592 2243 645 2303 tibi
659 2250 764 2322 postea
776 2243 927 2322 aperiam.
940 2277 978 2287 -—

189 2342 408 2417 Malumhabes
424 2341 463 2402 ad
480 2346 611 2421 portam,
629 2345 660 2399 et
677 2339 707 2399 in
728 2338 798 2401 auia
814 2340 919 2401 vitem.
934 2372 970 2384 -

191 2447 268 2525 Apte
280 2439 404 2521 quidem
420 2439 498 2500 aulae
512 2445 613 2514 notas,
631 2455 688 2500 nec
702 2437 847 2516 cuiquam
860 2437 972 2518 ignotae
987 2444 1081 2515 sunt3

190 2540 243 2604 sed
257 2540 306 2602 die
319 2557 389 2622 quae
405 2539 515 2600 domus
531 2536 601 2612 sint,
615 2545 644 2597 et
659 2534 712 2597 tibi
728 2543 834 2616 postea
848 2536 994 2615 aperiam.
1014 2567 1054 2580 -

190 2641 291 2699 Aurea
306 2635 429 2695 lucerna
442 2630 556 2713 pendet
570 2630 600 2691 in
617 2629 760 2691 eubiculo
775 2635 841 2692 tuo.
855 2663 894 2674 -

190 2734 266 2794 Rern
278 2730 362 2792 novit
376 2728 494 2804 vicinia,
508 2745 574 2788 rern
593 2745 705 2788 novere
719 2744 845 2802 omnes;

190 2828 241 2889 dic
256 2824 333 2887 mihi
347 2826 486 2904 corporis
502 2830 600 2900 notas,
614 2830 645 2884 et
659 2821 717 2884 tibi
731 2829 839 2903 postea
854 2823 1002 2902 aperiam.
1017 2857 1058 2870 -

191 2927 223 2985 ln
237 2940 315 3003 gena
329 2938 451 2983 naevum
467 2919 571 2994 habes,
585 2938 703 2981 naevum
716 2919 746 2979 in
759 2919 859 2998 axilla,

192 3027 223 3085 et
238 3019 353 3083 dextrae
366 3017 485 3100 papitiae
500 3017 605 3079 ieviter
619 3017 805 3095 impressum
822 3015 956 3078 dentem.
971 3050 1010 3063 -

192 3117 335 3191 Femulae,
348 3115 505 3190 accurrite,
520 3113 654 3196 aperite:
669 3112 718 3174 hie
733 3113 807 3175 mihi
821 3115 933 3193 conjux
946 3114 1042 3177 adest.

242 3335 277 3403 st.
303 3336 381 3404 lam
400 3355 480 3403 vern
508 3331 681 3403 succurrit
705 3331 978 3428 insignissimum
1002 3354 1111 3429 genus
1137 3329 1262 3404 eermi-

195 3456 281 3528 nuni
297 3456 578 3556 Klephtieorum,
593 3455 720 3553 quibus
736 3454 851 3526 locum
864 3452 961 3527 dedit
979 3454 1118 3530 illorum
1135 3454 1262 3526 ferocia

194 3597 229 3656 et
249 3584 360 3655 virtus
388 3585 448 3677 qui
475 3582 672 3653 libertatem
696 3604 797 3653 suam
826 3580 869 3652 ah
896 3581 1040 3653 arbitrio
1068 3583 1261 3652 'furcarum

194 3711 301 3780 armis
320 3706 497 3780 vindicare
513 3709 589 3779 ausi
608 3719 703 3779 sunt.
721 3706 860 3780 Nemini
875 3717 991 3781 autem
1014 3709 1170 3804 ignotum
1186 3729 1261 3778 esse

196 3834 346 3907 arbitror
360 3832 445 3931 quid
459 3835 547 3904 inter
556 3832 708 3904 latrones
726 3844 760 3903 et
774 3832 905 3927 eosqui
925 3831 1088 3905 dicuntur
1101 3829 1261 3932 Klephtae

195 3958 404 4048 interfuerit,
419 3959 485 4031 nisi
500 3956 594 4054 quod
609 3960 644 4028 in
669 3957 785 4054 regnis
807 3955 867 4027 ubi
892 3957 1031 4028 servitio
1056 3957 1262 4054 opprimitur

197 4080 369 4177 populus,
392 4081 584 4154 libertatem
613 4078 789 4152 vindicare
820 4102 884 4173 pro
913 4103 1050 4151 summo
1082 4079 1262 4151 latrocinio
