2760 4816
467 371 636 413 cntscoauu
657 362 845 415 canutam
1162 367 1192 418 tr

123 503 285 576 habetur.
303 501 469 597 Quisquis
484 500 615 572 veroin
632 501 766 593 Graeeia
782 499 912 573 nullius
922 505 993 599 Juri
1006 503 1190 580 obnoxiam

74 623 76 627 ⁴
127 626 264 735 vivendi
287 628 459 725 rationem
481 625 548 698 sibi
573 626 608 698 vi
626 627 824 722 quaerebat,
848 631 918 724 qua
941 614 1190 723 coirtumelias,

124 751 329 850 vectigalia,
348 751 518 849 vapulas,
538 774 738 842 carcerem,
765 765 800 824 et
828 777 930 825 omne
954 754 1109 830 libidinis
1134 774 1195 832 aut

125 877 261 972 injuria
281 899 392 974 genus
409 874 593 972 effugeret,
612 873 672 947 ille
688 880 821 971 κλέφτης
835 875 1044 962 habebatur.
1077 884 1192 971 Quum

127 1012 244 1072 autem
260 999 357 1071 nulla
375 1007 412 1072 re
426 999 538 1096 magis
556 997 650 1095 vulgi
663 997 777 1072 studia
789 1014 1074 1075 commoveantur
1087 1029 1195 1102 quam

128 1122 275 1196 audacia
291 1122 472 1194 bominum
495 1119 631 1220 legibus
651 1123 773 1195 invisis
799 1135 835 1195 et
855 1124 980 1220 opibus
1003 1131 1196 1224 tyrannicis

127 1247 382 1336 obsistentium,
397 1258 530 1318 naturae
547 1259 820 1320 cousentaneum
840 1259 914 1320 erat
930 1248 1011 1322 illos
1026 1262 1194 1356 tanquam
1241 1282 1253 1305 ·

128 1375 254 1451 heroas
281 1371 403 1476 haberi
438 1395 459 1444 a
487 1371 717 1469 popularibus
743 1373 838 1462 suis,
872 1396 1023 1469 quorum
1054 1376 1198 1472 quidem

127 1498 216 1573 odiis
234 1511 268 1571 et
286 1497 426 1571 invidia
439 1508 578 1596 gratum
603 1510 677 1570 erat
696 1496 868 1594 quidquid
882 1498 1116 1596 plecterentur
1132 1501 1195 1574 do-

130 1625 218 1697 mini
236 1624 451 1720 alienigena,
472 1634 506 1694 et
522 1620 750 1718 klcphtieam,
775 1650 792 1709 ς(
817 1622 846 1694 si
863 1645 971 1718 parva
996 1622 1079 1699 licet
1101 1649 1197 1701 com-

131 1761 262 1836 ponere
277 1738 434 1836 magnis,
449 1768 465 1802 a
480 1725 651 1809 exstitisse
668 1734 810 1807 iliadem
823 1758 901 1831 quae
918 1735 1086 1835 dignitate
1100 1740 1202 1836 cpica

132 1886 188 1934 ras
205 1872 239 1933 et
255 1882 425 1958 personas
439 1869 595 1955 augeret.

181 1990 258 2077 Qua
286 1995 402 2056 mente
427 1994 567 2069 autem,
598 2006 668 2078 quo
695 1980 904 2079 plerumque
924 1983 1069 2058 consilio
1095 1985 1203 2061 latro·

132 2109 264 2182 cinium
295 2105 454 2202 Klepbtae
481 2105 724 2201 susceperint,
753 2106 935 2203 sequentia
965 2107 1132 2202 praeclare
1160 2112 1204 2187 si·.

133 2231 326 2330 gnificant:

187 2429 298 2497 Μάννα
316 2456 385 2520 μου,
405 2429 460 2522 ’γὼ
476 2418 527 2497 lto
544 2429 677 2520 κάθομαι
690 2425 728 2495 a&
746 2429 824 2520 γένω
841 2429 1032 2522 νοικοκύρης,

186 2552 224 2622 vit
240 2557 315 2645 κάμ’
329 2555 594 2646 ἄμπελοχώραφα,
609 2556 738 2621 acastus
756 2551 794 2619 νὰ
811 2545 993 2635 bonisiaca,

186 2679 238 2746 καὶ
250 2673 346 2772 reipsa
358 2672 494 2756 σκλᾶὅος
509 2683 568 2744 τῶν
583 2677 740 2763 Τούρκων,
759 2675 868 2742 accim
882 2681 943 2742 τῶν
959 2682 1106 2744 caulibus.

186 2806 263 2896 Φέρε
278 2829 337 2894 μου
350 2801 387 2870 τὸ
408 2801 511 2894 βαρειὸ
523 2800 617 2868 cacabi
635 2800 687 2867 aci
702 2797 843 2892 τὰλαφρὸ
853 2800 1032 2892 conpita...

187 2924 225 2994 rt
241 2929 305 3019 βρῶ
317 2927 440 3018 λιμέρια
458 2934 519 2992 τῶν
536 2930 675 3015 abactor
679 2972 750 2992 ......

188 3049 226 3116 rix
241 3062 314 3143 μπῶ
332 3040 401 3142 ptt’
417 3052 529 3128 αὐτοὺς
543 3050 712 3142 σύντροφος
724 3046 786 3115 exit
798 3049 943 3142 τούρκικα
956 3049 1095 3139 acceiae.

844 3159 988 3237 (PassoW,
1004 3160 1064 3236 il.)

139 3316 238 3391 Domi,
250 3312 426 3388 matercula,
442 3328 504 3374 non
520 3328 570 3372 me
582 3317 673 3372 teneo
689 3316 723 3370 ut
735 3309 828 3372 herus
842 3308 927 3386 fiam,

138 3423 168 3476 et
181 3413 279 3475 vineta
294 3427 454 3472 conseram
469 3426 539 3490 quae
553 3407 679 3488 quidem
693 3412 853 3497 exerceant
867 3405 985 3482 famuli,

138 3518 173 3573 ut
186 3510 244 3592 ipsi
259 3526 310 3570 me
322 3523 442 3570 serrum
455 3507 572 3580 ancae,
591 3510 623 3566 et
636 3502 786 3565 famulum
797 3519 888 3566 canes
898 3502 1045 3568 babeant.

138 3611 266 3673 Gravem
280 3605 353 3668 mihi
368 3603 506 3684 gladium
519 3602 576 3678 ier,
594 3609 626 3664 ct
668 3641 886 3675 .....

140 3714 174 3769 ut
193 3713 297 3786 petam
315 3702 514 3784 Klepbtarum
528 3718 667 3763 recessus
670 3743 882 3772 .....

140 3813 174 3867 ut
186 3808 355 3868 'turcarum
369 3800 519 3883 capitibus
530 3818 593 3863 una
607 3816 678 3861 curn
695 3798 755 3859 illis
768 3796 954 3860 immineam.

192 3974 266 4083 Ἐγὼ
280 3985 385 4080 lopiac
402 3977 454 4050 ito
472 3982 607 4077 γίνομαι,
622 3985 777 4073 Τούρκους
797 3973 847 4048 lto
865 3977 1060 4072 προσκυνάω.

918 4089 986 4170 (td,
1004 4090 1069 4170 52.)

1080 4209 1096 4246 2
