2760 4816
1108 128 1111 133 ¹
1148 194 1192 279 n

199 342 216 387 8
481 346 520 386 DE
537 343 748 388 POPULA‘MBUS
768 346 977 388 uscunrtouum

196 457 328 531 ratione
361 468 395 526 et
419 457 515 527 omni
541 455 637 528 cultu
663 453 864 557 dissimilior
897 479 1035 529 morum
1066 469 1101 526 et
1129 457 1263 528 aruum

194 591 430 668 externarum,
453 579 502 650 ita
517 591 556 650 ut
574 579 754 652 hominum
775 579 905 676 quibus
923 579 1095 675 ejusmodi
1116 559 1265 687 contigit

192 705 341 800 patriam
367 703 514 784 habere,
549 701 682 775 indoles
709 727 737 823 a.
760 704 942 800 peregrino
970 703 1093 775 habitu
1122 703 1261 801 longius

195 826 383 899 abhorreat
408 850 518 924 quam
541 840 581 900 ut
605 829 647 899 iis
675 827 762 900 bene
785 852 861 900 esse
893 832 1004 924 possit
1022 827 1084 899 ubi
1111 851 1179 901 uon
1196 841 1263 900 est

139 984 154 999 ··
195 950 319 1042 patria.
586 947 590 957 '

243 1074 456 1168 Quanquam
474 1097 543 1143 non
567 1071 796 1161 abeuntibus,
823 1071 952 1167 quihus
971 1096 1050 1168 spes
1067 1085 1101 1143 et
1124 1073 1262 1145 novitas

191 1213 309 1277 rerum
336 1191 467 1265 luctum
497 1193 666 1264 minorem
689 1193 895 1289 plerumque
921 1193 1025 1277 facit,
1056 1191 1115 1264 sed
1134 1194 1177 1264 iis
1200 1196 1262 1289 qui

193 1313 288 1387 domi
307 1332 461 1406 manent,
484 1342 596 1414 neque
615 1317 745 1391 habent
764 1317 857 1415 quod
876 1317 1010 1389 luctum
1030 1318 1174 1406 soletur,
1188 1318 1262 1391 imo

189 1446 291 1535 juxta
313 1444 562 1538 pertimescunt
579 1468 622 1516 ne
639 1444 764 1540 {agrius
780 1442 832 1515 illi
852 1444 1026 1539 aequiusve
1046 1441 1160 1514 ferant
1174 1444 1264 1515 ersi-

195 1566 293 1653 lium,
323 1567 490 1639 uxoribus
521 1566 597 1639 dico
625 1592 665 1638 ae
692 1556 860 1640 matribirs
885 1567 1122 1640 adscribendae
1140 1566 1264 1639 viden-

193 1699 252 1760 tur
270 1687 338 1759 illae
357 1702 412 1757 τοῦ
429 1703 586 1785 χωρισμοῦ
604 1689 796 1762 cantilena.
818 1689 1076 1762 Sententiarum
1092 1702 1208 1762 autem
1228 1703 1264 1762 et

194 1814 360 1916 orationis
384 1815 479 1886 oolor
506 1815 693 1887 muliebres
717 1816 902 1911 profitetur
924 1814 1073 1886 affectus
1099 1842 1106 1886 :
1135 1817 1262 1889 mulie·
1288 1910 1292 1917 ι

196 1962 287 2027 rum,
310 1964 378 2011 uon
398 1940 553 2011 virorum
574 1939 647 2011 haee
666 1951 771 2024 sunt:

280 2145 459 2237 Παρηγοριά
478 2147 518 2236 ’χ’
540 2150 556 2211 ὁ
578 2145 720 2230 θάνατος,
739 2147 768 2211 κ’
788 2148 958 2237 ἐλιημοσύν’
977 2151 993 2211 ὁ
1012 2145 1129 2236 Χοίρας·

279 2272 295 2333 ὅ
315 2261 465 2345 ζωντανός
483 2269 667 2361 ὅχωρισμὸς
683 2266 857 2362 παρηγοριὰ
876 2261 927 2334 <tto
949 2269 1022 2359 ἔχει.

861 2378 1003 2456 (Passum
1021 2381 1105 2458 318.)

199 2529 277 2591 Sunt
290 2528 396 2591 solatia
409 2527 524 2600 mortis,
543 2535 574 2588 et
585 2525 682 2605 tangit
696 2523 910 2586 misericordia
921 2524 1104 2587 charontem
1118 2543 1126 2586 ε

203 2643 312 2688 varum
326 2645 344 2688 a
357 2645 389 2689 se
403 2626 534 2688 invicem
551 2627 787 2707 separativum,
801 2622 944 2685 solatium
960 2640 1021 2686 non
1036 2623 1136 2685 habet.

279 2753 475 2884 Outeeuutq
489 2785 562 2856 εἶναι
578 2791 674 2856 κακό·
692 2790 728 2855 τὸ
744 2791 792 2880 ἔχε
811 2783 891 2882 γιειὰ
909 2785 1068 2881 aspasius·

281 2915 332 2982 καὶ
350 2915 386 2980 τὸ
405 2916 497 3016 καλὸγ
515 2924 569 2979 σοῦ
588 2916 721 3006 γύρισμα
740 2915 794 2978 ὀλο
813 2911 898 3002 φιλιὰ
916 2919 943 2978 κ’
960 2913 1078 3007 ἀγάπη.

954 3024 1023 3102 (ra,
1040 3022 1124 3103 aas.)

200 3161 356 3223 Discessus
368 3165 416 3221 est
428 3176 476 3219 res
495 3157 645 3238 pessima;
661 3159 738 3232 uolo,
756 3157 849 3219 instar
863 3157 987 3234 veneni;

200 3266 232 3321 ut
236 3257 371 3336 feliciter
384 3257 504 3342 rediisti
515 3254 621 3317 oscula
634 3273 740 3317 secum
754 3255 809 3316 tert
823 3262 854 3316 et
867 3272 1011 3317 amorem.

250 3423 406 3507 Quarum
433 3441 542 3514 quum
568 3415 744 3511 pleraeque
765 3413 887 3486 iisdem
911 3415 984 3487 fore
1008 3417 1125 3489 vorbis
1144 3415 1265 3488 eadem

200 3541 396 3641 significent
412 3546 480 3634 (1),
507 3541 721 3611 hantunam
749 3539 878 3609 referre
900 3536 1011 3622 volui,
1037 3547 1136 3636 eujus
1159 3564 1265 3635 pecu-

201 3667 287 3739 liare
302 3663 469 3761 quiddam
484 3675 518 3734 et
536 3663 819 3735 venustissimum
834 3661 967 3734 habeut
981 3665 1157 3736 sententiae
1170 3664 1266 3759 (Pas-

200 3814 287 3874 soW,
312 3789 397 3881 323)
415 3814 423 3855 :
441 3896 444 3901 .

234 4061 269 4125 (1)
290 4059 324 4108 Cf.
339 4059 440 4119 Pussow,
457 4060 578 4108 318-351.
