2760 4816
501 395 682 439 cumconunt
702 397 895 440 caueamus·
1203 389 1237 440 45

208 533 327 612 Αὐλοὺς
348 524 377 599 δ’
394 533 505 626 ἔχουσαί
528 560 574 614 τις
594 535 719 629 κορίσκη
739 538 831 626 μέλος
845 562 874 603 τι
889 529 1045 628 μελίζεται
1064 543 1129 615 τοῖς
1148 563 1229 631 συμ-

151 660 263 738 πόταις
284 663 478 744 (Athen.,xv‚
496 664 579 744 665).

152 834 206 906 De
226 833 427 929 nuptiarum
447 831 629 904 cantilenis
659 844 792 906 mature
813 835 856 908 ab
886 836 963 933 ipso
994 839 1146 909 Homero
1174 860 1228 908 re-

153 956 265 1031 latum
284 968 337 1029 est
355 955 463 1054 (Ilias
493 958 616 1048 XVIII,
633 983 667 1028 v.
689 957 776 1054 491)
796 989 803 1029 :

255 1181 257 1184 ⁴
317 1146 412 1250 Εντῇ
431 1157 485 1249 μέν
504 1162 540 1251 ῥα
553 1155 649 1251 γάμοι
667 1162 696 1224 τ’
716 1158 787 1225 ἕσαν
807 1158 957 1226 εἰλαπίναι
978 1184 1028 1225 τι·

377 1453 385 1469 .
430 1453 438 1467 .
484 1453 493 1469 .
528 1407 624 1486 πολὺς
639 1398 668 1474 δ’
683 1410 823 1498 ὑμέναιος
840 1409 956 1501 ὀρώρει.

203 1627 241 1699 Iu
262 1624 306 1697 iis
322 1648 402 1697 vero
420 1648 498 1720 quae
518 1625 648 1722 passim
668 1623 764 1721 apud
779 1637 1153 1717 auctoresoccurrunt,
1171 1629 1229 1700 vix

153 1746 288 1844 aliquid
317 1746 484 1846 populare
516 1750 629 1821 inesse
656 1759 785 1847 praeter
815 1732 1105 1824 exclamationem
1132 1759 1229 1846 ὑμὴν,

153 1870 268 1969 ὑμένα(
287 1872 325 1964 ὦ,
357 1854 537 1945 affirmare
569 1873 696 1945 ausim.
730 1875 860 1944 Forsan
884 1872 977 1968 apud
1005 1872 1229 1946 Theocritum

154 1996 278 2095 (Iuyll.
317 1999 419 2092 XIII)
446 1999 563 2069 verius
606 2021 794 2095 expressus
822 2009 873 2069 est
904 1996 1084 2094 popularis
1118 1998 1226 2090 color,

155 2121 414 2220 cujusquidem
431 2121 635 2218 hymenaeus
661 2122 725 2194 has
748 2121 870 2194 laudes
896 2123 930 2195 in
957 2145 1123 2218 sponsos,
1154 2124 1228 2197 haec

155 2256 248 2334 vota,
291 2244 355 2317 has
381 2242 631 2340 gratulationes
659 2245 782 2333 habet,
822 2247 857 2316 in
892 2244 1018 2340 quibus
1052 2242 1228 2319 hodiernae

156 2369 339 2442 cantilena
353 2381 536 2442 versantur
559 2369 625 2466 (1).

205 2599 299 2672 AIIas
309 2600 486 2671 variarum
501 2621 689 2695 operarum
709 2599 881 2671 exstitisse
910 2599 1104 2672 cantilenas
1122 2599 1227 2674 tradit

158 2721 252 2795 idem
262 2721 452 2795 Athenaeus
470 2721 579 2817 (XIV,
599 2725 672 2816 10),
692 2722 819 2818 quibus
834 2722 988 2794 laborem
1002 2724 1148 2820 opifices
1167 2725 1227 2798 ad·

152 2851 347 2942 juvarent:
377 2868 528 2941 namque
541 2857 576 2916 et
593 2846 818 2919 mercenariis
833 2847 893 2937 qui
920 2871 1022 2944 agros
1049 2847 1223 2940 colebant,

158 2983 193 3044 et
209 2969 434 3070 pastoribus,
456 2980 490 3042 et
506 2969 686 3059 molaris,
710 2984 745 3043 et
763 2971 917 3068 aquariIs
929 3024 938 3061 ‚
950 2982 997 3057 ¹et
1016 2973 1226 3070 remigibus,

158 3117 222 3169 sua
238 3095 367 3192 cuique
382 3091 556 3166 cantilena
574 3107 670 3184 erat3
694 3106 779 3166 uota
799 3094 941 3192 quidem
962 3095 1037 3168 haec
1055 3097 1227 3192 pistorum

158 3247 265 3323 quam
290 3223 398 3296 refert
424 3222 646 3312 Plutarchus,
672 3223 738 3293 ἄλει
765 3228 847 3321 μύλα
867 3222 955 3294 ἀλα·
986 3225 1038 3294 καὶ
1066 3226 1122 3322 γὰρ
1146 3229 1233 3298 Πιτ·

158 3351 249 3429 τοοιὸς
260 3345 344 3437 ἄλει,
361 3351 494 3445 μεγάλας
509 3348 689 3461 Μοιτυλοὶνας
707 3351 886 3434 βασιλεύων,
903 3357 938 3417 et
950 3346 1024 3418 haec
1042 3359 1229 3421 nautarum

158 3467 363 3543 exclamatio
380 3466 426 3538 εἶα
439 3473 523 3566 μάλα
537 3467 745 3564 (aristoph,
760 3472 844 3557 Pax,
856 3468 1001 3565 cluo),
1017 3471 1073 3543 cui
1085 3469 1227 3570 quidem

158 3592 333 3667 haudscin
346 3616 391 3665 an
403 3591 611 3689 respondeat
627 3591 854 3667 hodiernum:
867 3597 1004 3703 ἔαλέοα,
1020 3598 1055 3666 ἴα
1069 3597 1150 3692 μάλα
1161 3596 1225 3692 (2).

192 3813 228 3876 (I)
312 3811 341 3860 Τ*
354 3809 487 3876 &alpisum
499 3807 548 3861 ποῦ
557 3811 653 3872 γίνηιιι,
664 3812 694 3860 vul
708 3810 778 3874 ζήσῃ,
795 3811 826 3861 ιὰ
837 3811 940 3878 repleo,

324 3891 354 3941 νὰ
366 3891 427 3967 ζήσῃ
440 3889 545 3956 χρόνους
558 3890 644 3950 lecal,
657 3890 698 3939 καὶ
712 3890 743 3940 vlt
754 3890 813 3947 τοὺς
827 3891 947 3966 ἀπιράσῃ·

325 3978 354 4025 vlt
368 3975 430 4040 ιιάνῃ
444 3975 509 4025 lust&
519 3974 578 4031 τοὺς
590 3974 667 4036 clauc,
682 3974 723 4023 καὶ
736 3975 778 4039 μιὰ
793 3975 837 4034 τὴν
851 3975 980 4042 διχατίρα.
999 3973 1150 4038 (laeditum.)

191 4063 227 4128 (2)
314 4062 404 4126 ’Ἔχετε
418 4062 492 4123 γιειὰ,
505 4059 638 4126 arreptam
649 4077 706 4124 μου,
720 4058 762 4108 καὶ
774 4059 805 4109 σὺ
816 4059 980 4126 capacensem,

310 4144 396 4194 καὶσὺ
412 4144 447 4194 Ia
464 4144 537 4193 λέσα
550 4144 637 4206 γλυκὺ,
650 4144 800 4208 γλυκύτερον
813 4144 846 4194 Ic
866 4145 955 4208 μὸλα.
1008 4143 1122 4208 (cumr,
1132 4146 1204 4209 391.)
