2760 4816
196 402 231 451 28
483 408 521 448 DE
540 408 745 454 perduramus
766 408 977 456 RECENTIORUH

197 536 295 613 ferat
304 537 395 610 liber
416 539 521 609 animi
541 541 706 636 impetus.
729 545 800 615 Nec
820 541 975 614 emnium
997 534 1139 632 quidem
1153 560 1273 634 pepu-

196 660 311 734 lcrum
326 660 446 760 lingua
460 676 520 734 aut
534 665 714 760 ingenium
734 665 856 737 iisdem
874 660 1142 760 operibus²apta
1161 673 1269 734 sunt:

198 788 399 860 Graecorum
421 808 501 858 vero
520 781 724 860 recentioris
744 787 884 886 linguae,
906 787 1010 882 huJus
1027 782 1170 855 demum
1189 805 1272 877 qua

198 909 376 1005 popularis
395 907 533 994 dicitur,
556 911 661 982 variae
682 934 767 1007 opes
787 922 820 982 et
839 899 1148 1007 prestantissimae.

247 1036 402 1106 Primum
421 1037 513 1108 euim
532 1038 737 1109 suavissime
760 1050 870 1124 sonat,
891 1036 983 1133 qued
1002 1034 1193 1131 plurimum
1214 1035 1271 1103 in·

199 1173 306 1234 terest
333 1163 397 1254 rei,
426 1160 602 1257 siquidem
628 1161 672 1233 de
697 1161 857 1234 versibus
889 1184 1067 1233 summum
1093 1172 1145 1231 est
1173 1160 1272 1250 auris

198 1285 395 1361 arbitrium.
423 1289 513 1359 Tum
536 1311 577 1358 ea
600 1288 751 1358 varietas
772 1298 824 1359 est
845 1287 940 1377 teni,
962 1286 1092 1383 quippe
1118 1288 1175 1358 cui
1197 1296 1271 1357 tres

198 1408 265 1505 laci
282 1411 319 1482 in
337 1410 512 1484 vocabulis
527 1411 600 1507 apti
621 1411 704 1501 sint,
725 1421 764 1481 ut
786 1433 851 1482 nec
870 1408 1009 1481 mollius
1024 1407 1146 1481 cadere
1160 1407 1272 1481 verba

198 1539 449 1636 reprehendas,
459 1541 677 1612 necnimium
693 1539 758 1612 sibi
769 1564 873 1637 pares
887 1537 1062 1611 clausulas
1074 1560 1269 1625 recurrere,

199 1672 292 1770 qued
316 1672 370 1745 vel
389 1674 550 1745 maximae
571 1697 736 1745 sonorum
756 1674 918 1745 suavitati
936 1673 1045 1744 allert
1066 1670 1270 1743 submolesti

153 1841 156 1846 ·
200 1802 347 1900 aliquid.
361 1807 451 1878 Tum
466 1805 645 1880 vocabulis
663 1803 699 1878 et
716 1807 832 1879 lecum
844 1820 879 1879 et
897 1806 1045 1879 formam
1061 1802 1271 1877 immutandi

199 1925 358 2022 licentia,
380 1933 429 2004 ita
447 1944 486 2005 ut
505 1931 608 2025 mede
631 1946 818 2030 porrecta,
844 1931 947 2005 mode
970 1932 1082 2002 recisa
1101 1942 1162 2001 aut
1183 1952 1271 2001 con·

199 2063 331 2145 tracta,
358 2069 480 2153 sponte
503 2081 566 2130 sua
589 2058 628 2135 in
653 2081 819 2130 numeres
843 2079 1052 2128 concurrere
1073 2051 1267 2125 videantur.

200 2178 302 2250 llletri
321 2181 425 2253 etiam
445 2183 535 2255 ratio
561 2179 819 2278 simplicissima
844 2195 877 2252 et
901 2178 1183 2278 expeditissima,
1202 2201 1269 2249 nu·

199 2325 336 2376 mercsa
354 2316 484 2378 tamen.
499 2309 656 2402 Denique
671 2329 713 2377 ea
726 2305 830 2400 copia
844 2316 947 2399 atque
961 2326 1003 2375 ea
1022 2301 1218 2396 diversitas,
1231 2315 1272 2372 ut

200 2448 270 2496 ncn
292 2424 427 2499 laboret
444 2441 557 2524 pcetae
577 2430 756 2527 ingenium
775 2439 809 2499 et
828 2427 980 2521 impetus
998 2436 1149 2523 egestate
1166 2448 1270 2498 vcca-

200 2546 376 2640 hulmum,
399 2551 454 2624 vel
470 2551 571 2624 metri
586 2553 766 2651 augustiis,
783 2563 817 2623 et
838 2551 937 2649 quasi
961 2550 1074 2621 ferrea
1088 2561 1272 2622 structurae

201 2675 419 2748 necessitate.

243 2800 319 2869 Jam
344 2824 426 2871 vero
447 2824 553 2896 quam
572 2799 720 2873 feliciter
738 2801 849 2871 Musae
863 2795 1040 2895 populari,
1052 2819 1160 2894 quam
1177 2820 1272 2893 praef

199 2918 292 2992 clare
311 2944 400 3017 opus
425 2923 647 3011 successerit,
669 2943 967 3018 supervacaneum
986 2917 1157 2992 disserere
1176 2918 1269 2991 vide·

198 3055 283 3135 tur,
300 3069 409 3142 quum
439 3046 594 3119 carmina
625 3069 701 3118 rem
728 3046 843 3142 ipsam
869 3042 1066 3133 declarent3
1094 3068 1112 3115 e
1140 3042 1269 3141 quihus

200 3166 342 3263 quidem
370 3167 440 3241 duc
457 3169 703 3267 insignissimis
724 3168 915 3265 insigniora
929 3165 1090 3256 afferam,
1112 3163 1267 3238 neultra

199 3289 341 3362 modum
360 3290 553 3388 quidquam
573 3291 701 3362 dixisse
718 3288 848 3362 videar.
875 3287 1019 3384 Utrique
1037 3288 1191 3360 inventio
1213 3310 1268 3357 re·

191 3435 276 3483 rum
303 3414 428 3486 eximia
454 3424 488 3485 et
510 3413 708 3512 singularis,
734 3434 829 3484 ncvae
847 3422 882 3482 et
906 3410 1055 3483 insolita
1082 3411 1265 3506 imagines,

199 3532 253 3602 vis
265 3536 437 3605 sermonis
456 3522 491 3607 et
509 3536 605 3609 color
620 3533 941 3631 praestantissimus.
1137 3528 1140 3535 ’

203 3883 229 3922 1.
250 3855 339 3923 l'uir'
359 3850 433 3922 εἶναι
447 3864 551 3947 μαῦρα
570 3852 611 3922 τὰ
631 3856 738 3942 deusde
755 3858 807 3923 καὶ
825 3860 953 3925 cremer
970 3859 1186 3950 βουρκωμένα;

253 3983 312 4072 μὴν
327 3979 436 4073 ἄνεμος
453 3976 494 4048 τὰ
507 3984 651 4071 πολεμᾷ;
669 3983 751 4072 patra
775 3983 872 4073 βροχὴ
890 3980 930 4048 τὰ
946 3973 1038 4072 dipsa
1055 4007 1063 4062 ;

255 4096 363 4172 Krcdd'
382 4103 491 4196 ἄνεμος
511 4103 548 4170 τὰ
568 4109 699 4196 πολεμᾷ,
724 4095 796 4170 οὐδὲ
820 4107 916 4197 βροχὴ
934 4105 973 4171 τὰ
993 4097 1102 4196 digest.
