2760 4816
184 378 200 426 6
470 386 508 427 DE
526 381 733 428 POPULARIBUS
752 381 963 425 RECENTIORUM

187 519 268 604 sint,
297 517 413 588 forsan
438 511 533 584 baud
553 509 701 583 absurde
728 507 897 604 disputari
918 520 1031 605 potest
1050 506 1128 579 ideo
1152 529 1244 603 prae·

186 642 320 728 sertim,
342 638 434 736 quod
458 638 549 709 circa
570 635 674 705 finem
693 631 889 705 duodecimi
908 632 1014 704 seculi
1027 632 1177 728 plurima
1198 629 1245 700 ab

184 765 335 859 antiquis
355 761 508 833 fontibus
527 760 634 856 petita
657 756 823 829 celebrari
847 754 940 851 apud
958 781 1021 827 nos
1042 765 1245 852 argumenta

184 895 378 984 coeperunt,
395 882 526 953 scilicet
547 893 731 977 postquam
754 892 914 974 suscepta
932 880 968 949 in
991 879 1130 949 Oriente
1154 875 1246 949 bella

181 1006 451 1102 Byzantinorum
465 1026 520 1073 res
535 1012 570 1072 et
581 1000 694 1083 cultus
709 1010 744 1071 et
755 1000 887 1071 litteras
900 999 1080 1072 Occidenti
1094 1003 1244 1071 notiores

181 1129 382 1200 effecerant.
691 1205 695 1214 ¹

230 1254 487 1326 Cantilenarum
501 1267 616 1326 autern
634 1251 678 1323 de
693 1250 820 1347 quibus
835 1257 909 1347 jam
925 1251 1051 1346 agitur,
1072 1273 1134 1320 nec
1153 1249 1242 1321 mul·

179 1379 288 1474 tiplen
305 1385 464 1476 materia,
484 1403 596 1481 neque
620 1376 706 1459 adeo
725 1375 898 1465 sublimis,
915 1374 983 1446 sod
998 1374 1139 1480 qualem
1154 1373 1242 1478 lere·

179 1501 264 1574 bant
293 1504 432 1600 ingenia
455 1495 600 1598 ⁴'quibus'
617 1501 716 1597 quasi
745 1491 1097 1596 spetlum-cogitandi
1114 1497 1242 1592 ¹illique

179 1639 376 1722 temporum
401 1627 605 1722 praeciderat
629 1624 780 1697 conditio
802 1654 809 1695 :
834 1635 874 1695 ut
892 1624 984 1693 enirn
1002 1622 1149 1718 publicae
1167 1623 1240 1717 pri·

177 1763 334 1845 vataeque
359 1775 456 1845 opes,
473 1751 522 1821 sic
546 1753 649 1820 ctiam
670 1760 801 1818 mentes
826 1747 861 1816 in
884 1769 1038 1817 summas
1062 1746 1240 1842 angustias

179 1871 402 1961 devenerant,
429 1887 463 1945 et
482 1874 655 1944 exstincta
668 1871 834 1956 doctrina,
854 1871 982 1941 amissa
995 1872 1122 1966 patria,
1139 1869 1241 1940 liber·

179 2008 270 2087 tate,
292 1997 714 2096 ingeniorumdignitate,
735 1996 909 2087 ethurnili
922 1999 993 2083 vita,
1006 1991 1240 2094 tenuibusque

176 2125 321 2220 negotiis
336 2125 598 2218 circumscripta
611 2122 740 2219 populi
756 2123 976 2219 cogitatione,
1003 2122 1073 2193 fato
1088 2121 1239 2218 quodam

177 2231 319 2316 necesse
338 2258 410 2315 erat
436 2257 474 2317 ut
499 2246 583 2316 nihil
607 2244 702 2316 aliud
724 2252 794 2338 jam
823 2259 1018 2339 superesset
1044 2244 1239 2317 canendum

56 2358 58 2362 ὗ
177 2392 282 2464 quam
310 2367 345 2438 id
370 2367 462 2462 quod
486 2392 549 2438 nec
577 2367 684 2438 deleri
707 2389 770 2435 nec
797 2365 901 2436 adimi
922 2369 1084 2460 cuiquam
1105 2379 1237 2462 potest,

176 2492 341 2587 quoniam
367 2492 403 2562 in
421 2515 461 2561 eo
487 2493 564 2587 ipsa
586 2490 786 2561 humanitas
810 2492 1017 2579 continetur,
1032 2490 1239 2565 domesticos

177 2613 326 2684 affectus
348 2613 437 2703 dico,
462 2612 684 2709 quiquidem
709 2636 749 2683 eo
772 2612 1011 2684 ¹uehementius
1031 2615 1171 2686 accendi
1191 2617 1239 2686 vi·

175 2736 313 2824 dentur,
338 2762 407 2833 quo
428 2740 543 2808 minus
567 2737 766 2809 hominibus
785 2735 887 2808 datur
910 2739 977 2809 alia
994 2740 1180 2834 appetendi
1206 2754 1240 2831 et

176 2860 406 2955 amplectendi
433 2861 597 2947 facultas,
615 2874 648 2930 et
676 2862 771 2930 iniis
794 2862 943 2931 maxime
960 2876 1179 2934 versarentur
1205 2877 1239 2935 et

175 2991 416 3054 exercerentur
439 2982 622 3079 popularia
644 2984 794 3078 ingenia.
818 2987 926 3076 Cujus
948 2983 1088 3078 quidem
1102 2991 1237 3084 generis

174 3107 386 3177 carminibus
406 3130 494 3177 nova
507 3110 581 3197 jam
600 3118 840 3188 accesserunt,
860 3108 919 3177 ubi
939 3108 1109 3204 :Klephtas
1133 3115 1239 3185 susci·

174 3230 258 3298 tavit
285 3228 452 3300 libertatis
482 3252 602 3318 emor,
629 3252 753 3301 verum
782 3235 812 3301 is
837 3228 935 3302 antor
960 3231 1017 3303 cui
1042 3245 1239 3331 apta'esset

175 3351 303 3438 ferocia
333 3353 548 3441 animorum,
574 3351 704 3425 scilicet
731 3375 772 3422 ex
797 3354 848 3424 ira
878 3356 992 3448 potius
1022 3371 1057 3426 et
1087 3356 1235 3455 quadam

172 3477 376 3546 necessitate
394 3479 468 3547 sine
491 3474 565 3573 lege
588 3476 726 3549 vivendi
751 3489 867 3565 natus,
882 3479 997 3572 'quarn
1017 3504 1059 3552 ex
1077 3484 1168 3577 juris
1182 3483 1237 3554 sui

173 3603 386 3679 conscientia
414 3615 474 3673 aut
493 3603 713 3698 popularium
735 3605 922 3699 patrieque
940 3612 1021 3700 jura
1048 3606 1154 3678 nobili
1175 3633 1238 3703 >⁰112

172 3726 314 3822 piditata
343 3724 552 3798 vindicandi.
586 3726 654 3797 Sed
680 3727 724 3798 de
754 3728 822 3799 illis
850 3733 1042 3824 posterius3
1057 3784 1060 3788 -
1077 3755 1170 3808 nunc
1194 3733 1236 3805 de

171 3850 372 3922 domesticis
390 3851 603 3923 carminibus
622 3851 795 3949 agendum
822 3851 888 3924 est.

219 3978 253 4046 2.
283 3976 417 4062 Quibus
436 3977 535 4071 quasi
555 3976 755 4072 praeludunt
769 3979 1017 4050 nutricularum
1033 3979 1076 4050 ad
1100 3984 1234 4078 sortien-¹

170 4099 235 4172 dos
252 4100 412 4170 infantes
431 4101 631 4191 (cantilenae,
654 4127 730 4197 ques
751 4127 860 4196 quum
892 4106 983 4174 aetati
1010 4107 1230 4198 parvulorum
