2760 4816
184 403 218 460 22
475 413 513 454 un
533 413 740 457 rorumnmus
759 413 970 457 succurrerunt

185 542 311 616 desunt
327 547 386 640 qui
404 567 478 617 rem
497 568 561 617 nos
575 544 740 618 edoceant
760 575 767 617 ε
791 544 925 617 scilicet
940 567 1120 640 nunquam
1140 544 1257 618 obviis

185 668 384 766 pectoribus
411 669 548 742 hostem
566 683 627 743 aut
648 683 850 769 exspectare
869 681 928 742 aut
950 667 1107 766 aggredi,
1130 693 1254 742 verum

185 790 358 862 tutissima
385 790 543 862 locorum
569 814 827 888 praeoccupare,
848 806 882 864 ct
905 810 1029 890 aggere
1050 815 1153 888 quem
1181 793 1256 865 fors

133 944 138 953 ·
184 910 370 1001 obtulerat,
398 936 460 985 seu
479 924 578 1008 petra
597 937 657 986 seu
681 915 817 987 arboris
839 915 970 1011 stipite,
989 913 1165 1008 munitum,
1188 939 1255 1008 suo

184 1058 358 1132 quemque
382 1034 458 1108 loco
478 1036 648 1127 insidere,
676 1061 739 1110 nee
761 1039 827 1110 nisi
856 1036 1038 1133 desperato
1062 1050 1189 1110 eventu
1217 1021 1255 1110 in

184 1159 355 1257 impetum
380 1179 577 1256 erumpere.
603 1163 674 1232 Nec
700 1161 784 1259 fuga
802 1160 970 1233 deformis
991 1171 1078 1248 erat,
1104 1182 1169 1231 nec
1188 1182 1255 1256 pro

184 1282 286 1356 laude
305 1283 465 1357 habitum
481 1286 644 1380 periculis
661 1300 694 1357 et
709 1287 811 1358 morti
828 1286 921 1357 ultro
936 1287 1124 1358 obversari.
1148 1289 1254 1358 Sum·

185 1432 264 1481 mus
286 1409 375 1482 viris
390 1410 498 1508 timor
510 1434 553 1481 ne
575 1412 610 1481 in
628 1434 754 1483 manus
772 1412 967 1484 Turcarum
980 1411 1152 1498 venirent,
1170 1435 1253 1485 sau·

184 1533 247 1629 ciis
270 1557 314 1605 ne
340 1545 445 1632 caput
460 1534 505 1605 ab
524 1534 682 1608 hostibus
703 1534 982 1625 obtruncaretur,
1000 1545 1035 1607 et
1056 1537 1255 1633 expositum

189 1679 250 1750 per
274 1680 384 1754 pagos
405 1667 441 1727 et
457 1656 563 1730 urbes
590 1656 668 1728 aliis
692 1658 853 1746 moerori,
872 1656 949 1728 aliis
975 1654 1127 1729 ludibrio
1145 1671 1252 1730 esset.

187 1784 274 1872 Qua
300 1779 444 1876 quidem
464 1780 547 1853 belli
572 1781 743 1877 Klephtici
764 1782 891 1872 forma,
932 1805 1010 1878 quae
1037 1782 1170 1878 species
1198 1782 1253 1852 in·

187 1905 342 1976 numeris
353 1904 548 1976 carminum
557 1903 872 2003 populariumlocis
885 1904 1107 1990 describitur,
1119 1906 1155 1975 iu
1167 1905 1256 2001 qui-

187 2026 254 2100 bus
272 2027 368 2101 haud
388 2029 458 2101 scio
477 2053 523 2100 an
550 2013 745 2127 quidquam
768 2030 972 2128 praeelarius
996 2029 1125 2100 eniteat
1148 2039 1183 2099 et
1204 2028 1253 2099 vi·

179 2151 304 2225 'vidius
327 2155 462 2225 animos
486 2152 675 2250 legentium
701 2135 878 2226 homerica
909 2152 1062 2250 quadam
1090 2150 1255 2224 similitu·

189 2277 270 2349 dine
295 2280 535 2368 commoveat,
562 2301 669 2375 quam
695 2278 788 2374 quod
816 2280 878 2351 viri
902 2278 962 2351 alii
980 2279 1016 2349 in
1043 2276 1130 2349 alios
1154 2275 1255 2348 dictis

187 2400 419 2488 invehuntur,
441 2415 476 2472 et
507 2402 659 2474 convitia
679 2403 860 2474 certamini
895 2402 1157 2489 intermiscent,
1185 2423 1254 2496 quo

189 2549 245 2597 res
270 2523 452 2613 fervidior,
475 2536 512 2597 et
535 2527 683 2622 propius
710 2524 754 2597 ad
782 2547 901 2596 veram
923 2526 1045 2596 martis
1064 2523 1253 2621 imaginem

187 2649 332 2721 accedit.
486 2738 488 2741 Ι

236 2776 307 2845 Nec
327 2771 658 2868 praetermittendum
679 2784 730 2844 est
747 2785 799 2845 tot
820 2774 906 2846 locis
928 2772 1049 2844 referri
1072 2769 1115 2842 de
1136 2770 1253 2841 avium

188 2899 279 2969 inter
304 2919 341 2968 se
359 2908 421 2967 aut
442 2920 522 2968 cum
542 2895 701 2992 lllephtis
720 2896 917 2993 colloquiis,
938 2895 1151 2984 ministeriis,
1170 2894 1255 2965 vati·

187 3023 306 3108 ciniis,
327 3023 376 3094 ita
404 3034 445 3094 ut
466 3025 566 3119 quasi
589 3023 736 3094 conscia
759 3033 793 3093 et
815 3019 1004 3094 familiares
1024 3017 1253 3116 lllephtarum

188 3146 392 3235 rideantur3
409 3169 495 3242 'qua
513 3146 611 3217 vivos
634 3144 832 3234 admonent,
859 3157 893 3218 et
909 3144 1042 3218 occisos
1063 3144 1196 3241 lugent,
1220 3154 1255 3215 et

188 3296 308 3373 eorum
320 3272 510 3345 novissima
520 3271 627 3345 verba
639 3270 684 3344 ad
698 3271 811 3353 socios
826 3271 955 3342 ferunt.
969 3271 1056 3363 Quae
1073 3268 1160 3341 fides
1174 3269 1254 3365 qui·
1349 3297 1352 3302 ·

187 3393 336 3467 busdam
359 3406 516 3468 veterum
536 3394 760 3491 opinionibus
786 3392 995 3490 respondere
1015 3390 1165 3483 ridetur,
1185 3391 1254 3463 nisi

186 3520 316 3604 forsan,
338 3518 432 3614 quod
452 3542 493 3590 ex
521 3542 592 3590 uno
617 3517 758 3614 quidem
777 3529 812 3589 et
837 3517 1005 3614 singulari
1034 3517 1110 3590 loco
1129 3516 1253 3614 conjici

184 3643 315 3740 possit,
343 3642 409 3713 sub
428 3641 487 3713 illa
518 3643 667 3740 imagine
695 3639 960 3739 intelligendum
984 3643 1031 3714 sit
1054 3639 1161 3713 latere
1189 3637 1251 3711 de·

188 3769 389 3840 functorum
406 3780 551 3840 manes:
1194 3745 1197 3749 ⁴

240 3974 314 4082 Εγὼ
328 3987 419 4056 neubi
432 3997 486 4056 σοῦ
501 3987 659 4081 φαίνομαι,
675 3984 755 4056 ἀλλὰ
773 3988 864 4056 πουλὶ
881 3981 932 4056 btv
951 3984 1070 4080 tipus...

236 4118 253 4182 ὁ
269 4113 297 4175 Τ
298 4103 437 4201 σαμαδὸς
453 4105 534 4204 εἷμαι
548 4115 606 4207 ἐγὼ
621 4112 672 4179 καὶ
687 4110 762 4207 {plu
783 4114 848 4202 pa'c'
866 4113 922 4180 στὸ
938 4113 1054 4202 κόσμο·
