2760 4816
452 378 460 394 '
495 401 664 447 caucason
683 402 873 445 concurris.

363 552 402 624 ὡς
418 541 458 612 τὰ
478 537 715 630 ξυλονωύκωυδα,

360 662 488 748 κιούδεὶς
511 674 614 762 τολμᾷ
631 676 784 753 λαλῆσαι,
827 684 829 689 ’

311 831 313 833 >
364 795 538 873 ἀλλ’·ὅλους
557 794 699 884 ἐφίμωσε.
742 832 745 836 ⁴

360 904 435 1012 Ᾰγιε
457 946 533 1010 μου,
555 903 631 1011 dyas
649 913 758 1009 φοὸερὲ
778 909 974 1003 retribuenti,

362 1033 416 1121 δὸς
434 1047 519 1109 αὐτῶ
540 1039 623 1110 κατὰ
641 1042 763 1133 κρανίου

362 1168 412 1232 ἵνα
433 1170 492 1256 μὴν
507 1167 727 1259 ὑπεραίρηται,

364 1293 443 1385 sti-pri
460 1316 508 1357 σοι
527 1291 580 1357 τὸν
601 1293 674 1374 βοῦν
694 1292 748 1377 τὸν
769 1292 865 1382 μέγαν

364 1417 552 1510 προσαγάγω
569 1415 610 1508 εἰς
627 1420 731 1509 εὐχήν.

203 1579 458 1654 Cantilenamm
487 1580 606 1653 eadem
639 1579 781 1653 demum
808 1604 849 1653 ac
880 1579 1007 1678 liuguae
1039 1581 1219 1679 popularis

154 1705 243 1777 ratio
263 1712 387 1802 :cujus
407 1704 549 1801 quidem
567 1729 636 1777 non
657 1705 724 1776 nisi
744 1728 825 1776 rara
840 1703 967 1776 iudicia
980 1704 1083 1776 altius
1097 1703 1230 1778 decem*

155 1827 280 1901 seculis
298 1830 466 1926 repetenti
490 1840 687 1914 occurrunt,
711 1828 870 1924 quamvis
895 1840 930 1901 et
958 1851 979 1900 a
1005 1829 1130 1926 primis
1157 1831 1221 1902 aevi

153 1954 260 2024 nostri
280 1952 401 2026 diebus
414 1960 487 2050 jam
503 1951 613 2024 multa
629 1964 749 2024 contra
766 1951 947 2048 antiquam
964 1952 1124 2048 syntaxin
1140 1975 1219 2049 psc-

153 2091 290 2165 cantur,
305 2077 416 2150 multa
438 2075 482 2148 ad
505 2074 763 2172 simplicitatem
784 2098 823 2147 ac
841 2076 1126 2171 perspicuitatem
1156 2101 1220 2149 no·

153 2213 291 2289 vantur,
304 2200 396 2272 uude
413 2222 537 2298 graves
555 2199 660 2271 etiam
679 2198 716 2269 iu
735 2200 965 2294 grammatica
985 2220 1127 2272 necesse
1145 2212 1221 2273 erat

153 2327 361 2400 mutationes
379 2325 514 2398 fierent.
537 2327 589 2413 Nc
609 2348 690 2398 vero
716 2324 836 2397 fucum
865 2323 994 2397 faciant
1018 2323 1069 2397 illi
1094 2326 1221 2400 veteris

154 2451 282 2547 eloquii
313 2462 498 2524 sectatores
520 2449 718 2548 Byzantini‚
749 2448 880 2548 quippe
901 2450 960 2544 qui
993 2447 1127 2521 fraudis
1151 2449 1218 2548 ipsi

155 2601 228 2650 suae
245 2573 454 2673 proditores,
487 2573 663 2646 interdum
692 2584 840 2669 comptae
864 2573 1011 2644 orationi
1037 2573 1219 2646 hominum

157 2705 316 2788 uomina,
348 2701 543 2796 colloquia,
577 2697 741 2796 epistolas
768 2695 987 2770 adhibuerint
1019 2721 1096 2796 quae
1122 2681 1222 2799 longe

156 2827 258 2901 aliter
284 2839 423 2908 souant;
451 2836 525 2896 tum
548 2835 582 2894 et
607 2820 699 2919 apud
727 2819 865 2894 eosdem
893 2823 1048 2918 syntaxis
1070 2823 1221 2921 graviter

156 2951 302 3026 laborat.
323 2952 365 3024 Et
377 2946 428 3020 illi
445 2945 586 3044 quidem
606 2935 672 3018 sibi
691 2945 760 3043 ipsi
779 2946 929 3018 formam
954 2944 1141 3045 eloquendi
1164 2947 1219 3019 in-

157 3076 305 3149 duerunt
326 3097 432 3174 quam
463 3093 684 3168 summopere
708 3069 915 3165 probabant,
945 3070 1075 3144 Nicetae
1105 3083 1221 3144 autern

157 3197 203 3271 ab
224 3197 302 3268 aliis
328 3192 451 3268 induta
478 3205 543 3282 est,
572 3192 621 3264 ita
645 3202 685 3263 ut
709 3189 887 3287 duplicem
912 3214 1005 3263 nuuc
1029 3190 1221 3266 habeamus

155 3323 327 3409 Nicetum,
346 3343 454 3390 unum
472 3315 614 3414 quidem
633 3326 672 3389 ut
689 3316 813 3409 opinor
831 3313 1023 3411 genuinum
1050 3326 1086 3386 et
1107 3339 1220 3414 popu-

155 3449 219 3520 lari
244 3466 405 3519 sermone
432 3455 610 3528 utentem,
642 3438 793 3512 aiterum
820 3451 1050 3534 expurgatum
1076 3453 1110 3511 et
1141 3464 1219 3513 cor-

153 3588 316 3670 ruptum;
335 3567 428 3666 quod
443 3566 653 3640 confitentur
669 3562 808 3639 codices
825 3563 914 3634 inter
929 3586 966 3635 se
983 3565 1168 3638 contrarii:

205 3758 352 3831 ἁπλώσας
366 3761 473 3819 τοῦτον
490 3753 540 3816 ἐπὶ
557 3759 678 3843 γῆς-
695 3755 793 3838 πρηνῆ
813 3744 957 3813 robiate.

206 3873 354 3960 ἐξιτίζων
377 3875 429 3944 καὶ
445 3874 575 3970 *popedon
595 3869 635 3938 τὰ
658 3869 818 3962 pectora
840 3867 1067 3962 πράγματα-
1087 3862 1220 3947 ἐξέτασιν

155 4004 301 4095 περὶτῶν
320 3997 529 4067 ἀπολωλότων
543 3994 710 4086 χρημάτων
730 3994 918 4084 ποιούμενος.

210 4135 323 4218 pcipe(
338 4123 501 4217 λεγόμενος
519 4153 572 4164 -
588 4124 681 4210 priter<
695 4117 839 4206 τοῦνομα.
