2760 4816
407 1591 878 1740 PRAEFATIO.

556 1926 703 1944 ——n

158 2107 211 2177 De
230 2101 459 2198 popularibus
477 2104 676 2172 Graecorum
699 2099 892 2187 cantilenis,
915 2112 949 2169 et
964 2100 1114 2172 maxime
1129 2098 1174 2173 de

109 2236 304 2309 recentibus
325 2234 480 2305 nonnihil
502 2233 673 2306 disserere
702 2245 936 2329 opportunum
956 2233 1043 2306 mibi
1062 2233 1175 2305 visum

109 2381 184 2454 est,
207 2392 314 2463 quum
330 2374 404 2464 jam
431 2366 662 2464 quadraginta
688 2366 817 2439 abhinc
841 2368 941 2441 annis
967 2390 1042 2439 rem
1068 2389 1090 2438 a
1113 2390 1174 2439 ne·

110 2505 202 2574 mine
228 2514 411 2575 tractatam
434 2501 601 2590 viderem,
622 2503 707 2588 imo,
725 2499 922 2598 neglectum
942 2500 1112 2597 quidquid
1130 2499 1174 2573 ad

110 2634 277 2704 Graeciam
291 2634 514 2705 recentiorem
530 2631 733 2727 pertineret,
750 2631 817 2701 nisi
831 2628 972 2700 daretur
986 2629 1084 2701 locus
1099 2654 1175 2701 ma·

108 2762 299 2835 ledicendo.

158 2902 243 2971 Rem
272 2901 321 2971 ita
339 2899 517 2995 disposui,
538 2912 577 2971 ut
598 2899 749 2994 primum
773 2898 865 2969 lacta
895 2898 1170 2989 cantilenarum,

107 3043 212 3126 prout
232 3030 325 3103 aliud
343 3029 419 3103 aliae
442 3044 570 3128 agunt,
594 3030 782 3120 divisione,
803 3029 846 3102 de
868 3053 1005 3102 summa
1027 3029 1173 3103 cantila-

109 3185 232 3233 narum
262 3162 418 3258 ejusdem
452 3164 589 3260 generis
617 3187 724 3259 quam
759 3163 952 3259 justissima
986 3162 1175 3253 haberetur

108 3298 369 3387 commentatio,
391 3297 577 3370 verborum
598 3309 632 3369 et
655 3321 771 3369 rerum
792 3321 871 3393 quae
887 3298 1108 3370 continentur
1123 3323 1177 3373 ra·

107 3428 200 3502 tione
226 3452 248 3501 a
266 3432 464 3503 Graecorum
483 3430 653 3519 moribus,
672 3428 810 3517 indole,
831 3427 1051 3519 conditione,
1073 3455 1175 3528 repa·

107 3561 183 3632 tite.
209 3559 459 3656 Exemplorum
488 3573 603 3633 autem
638 3561 740 3656 copia
763 3561 896 3656 majore
925 3559 1100 3650 abstinui,
1134 3585 1177 3634 no

107 3701 223 3771 minus
246 3699 353 3771 latine
374 3699 678 3773 dissertatiuncula
700 3724 807 3795 quam
834 3724 945 3796 grace
967 3700 1062 3799 loqui
1083 3700 1177 3773 vide·

109 3843 220 3903 retur.

157 3963 291 4055 Quibus
315 3964 524 4060 praemissis,
545 3965 707 4062 sequitur
724 3961 906 4062 popularia
926 3963 1057 4062 ingenii
1086 3966 1180 4037 testi·

107 4097 230 4183 metim
261 4095 392 4169 scilicet
412 4122 517 4193 quam
545 4097 662 4171 vivida
685 4100 824 4183 omnia,
851 4120 960 4194 quom
991 4095 1181 4191 simplicio.

1042 4231 1051 4265 l
