2760 4816
493 396 665 439 onmcoault
683 395 873 436 carantanis.

269 522 362 602 ποῦχει
372 523 509 604 τριακόσια
521 525 660 606 σήμαντρα
673 525 717 585 καὶ
730 533 796 605 τρεῖς
810 523 921 606 χρυσαὶς
936 524 1095 602 καμπᾶναις,

266 619 361 700 ποῦχει
375 620 405 679 τὸ
420 619 521 698 τέμπλα
535 621 675 702 ὁλόχρυσα,
686 620 918 702 ὁλομαργαριτᾶρι.

270 716 326 790 Eri
341 719 426 799 πόρτα
441 718 512 778 στὲκ’
522 717 601 796 Ἅγια
615 719 709 802 Σοριᾶ,
722 718 754 778 τὰ
765 718 866 800 δάκρυα
882 719 1048 801 ρορτωμένη,

269 815 353 899 χρυσὸ
368 803 473 892 μανδίλν
487 816 640 888 ttamen,
652 817 686 876 aa
700 817 800 897 δάκρυα
813 840 861 888 της
874 819 1033 899 σρουγγίζει.
1046 849 1087 862 ·-

271 913 407 993 Μαστόροι
421 915 458 991 μὴ
473 917 645 995 δερνώσασθε,
659 915 787 998 μαστόραι
801 915 837 993 μὴ
851 916 992 998 δερνώσθε,’

270 1009 337 1076 alal»
349 1015 429 1092 τζαμὶ
441 1012 468 1071 θὲ
481 1013 514 1073 νὰ
527 1014 600 1095 γένῃ,
608 1019 727 1095 Τοῦρκαι
739 1015 772 1074 vir
784 1015 991 1096 προσκυνήσων.

154 1159 232 1219 Aves
247 1176 317 1237 quae
328 1159 470 1236 sublime,
488 1161 589 1224 media
603 1163 634 1223 in
648 1162 742 1238 nube,
760 1162 901 1247 volitatis,

152 1253 229 1316 lerle
243 1257 384 1320 nuntium
397 1258 585 1321 Francorum
598 1261 712 1339 regnis,
727 1262 801 1322 ferte
813 1262 981 1323 Russorum
995 1279 1003 1321 :

152 1352 279 1427 Urbem,
293 1354 408 1421 Urbem
422 1364 581 1436 ceperunt,
597 1366 742 1439 ceperunt
753 1365 784 1419 et
798 1357 941 1432 Phanari‚

152 1457 302 1536 oeperunt
315 1457 346 1516 et
359 1452 578 1534 amplissimam
593 1456 710 1537 Saootae
721 1454 842 1537 Sophiae
852 1454 962 1529 aedem,

152 1547 202 1609 eoi
216 1547 417 1613 tintinnabula
432 1557 579 1636 trecenta,
598 1558 659 1634 tres
674 1571 774 1615 aureae
787 1570 955 1631 campanae,

152 1645 202 1707 eui
216 1648 367 1727 templum
380 1665 416 1710 ex
431 1668 505 1722 auro
519 1657 550 1712 et
564 1649 742 1730 margaritis.

155 1744 220 1805 stat
230 1745 268 1807 ad
281 1745 374 1811 limen
384 1747 496 1808 Sancta
508 1747 631 1830 Sophia,
644 1755 754 1810 onusta
768 1747 915 1823 lacrimis,

134 1837 136 1840 ⁴
154 1859 280 1904 aureum
293 1842 453 1914 sudarium
462 1862 583 1924 gerens,
605 1863 667 1927 quo
687 1845 830 1907 lacrimas
844 1844 949 1924 tergit.

158 1938 337 2017 «Artifices,
359 1958 397 2010 ne
413 1942 544 2020 urgeatis
557 1960 651 2022 opus:
704 1939 706 1944 ’
805 2013 806 2018 1

154 2035 206 2097 hie
228 2027 377 2101 enim'fiet
392 2039 495 2100 lanum
507 2039 537 2101 in
549 2058 612 2119 quo
623 2042 730 2122 Turcae
750 2058 856 2119 preces
877 2044 1011 2118 agent.»

157 2192 271 2268 (Δώατε,
297 2183 408 2273 idest,
435 2195 541 2258 δώσετε.
565 2232 601 2240 -
624 2197 697 2274 lap,
723 2215 889 2258 rumorem.
904 2230 944 2243 -
975 2197 1087 2276 τίμπλο,
1112 2214 1225 2276 nempe

154 2290 313 2356 aedicolam
330 2307 422 2374 supra
437 2295 532 2356 altare
546 2301 740 2356 exstructam.
757 2307 797 2340 -ὲ
808 2293 960 2368 toleraris,
982 2293 1156 2375 imperleeti
1170 2294 1226 2357 oo

152 2389 254 2467 jectivi
278 2391 377 2456 lorma
393 2391 422 2451 in
434 2391 533 2452 verbis
554 2390 717 2454 contractis
736 2390 855 2453 usitata.
872 2424 912 2436 —
930 2389 1092 2470 δερνώσασνε
1115 2397 1147 2452 et
1169 2393 1228 2472 δερ-

155 2485 248 2562 νώσθε,
263 2507 281 2550 a
294 2488 387 2569 δίρνω,
405 2489 492 2566 ferio,
509 2488 588 2551 male
599 2489 728 2561 maleto,
754 2506 840 2550 vexo.
852 2521 892 2535 -
905 2488 995 2566 τζαμί,
1015 2506 1072 2549 νον
1099 2489 1223 2566 turoiea,
1254 2545 1257 2551 .

146 2588 312 2665 anomale.)
834 2602 836 2605 ’

195 2759 225 2816 3.
247 2756 345 2820 Varia.

275 2913 439 2995 Πραὸάλετε,
454 2913 593 2997 ρνννιάξετε
606 2920 651 2974 τοῦ
667 2912 773 2995 Γιώργη
787 2917 833 2972 τοῦ
846 2911 989 2993 Τσονρᾶκη

274 3010 307 3069 alr
319 3011 375 3091 ποίῃ
390 3011 430 3071 στ’
444 3011 601 3092 ἄρναμᾶνδρτ
616 3035 671 3086 του,
689 3014 729 3071 στ’
740 3010 935 3091 ἐρημακοῦραδό
948 3029 1006 3070 του·

275 3108 408 3169 σάὸὅαταν
424 3099 491 3168 εἶναι
504 3109 624 3190 σήμερα,
638 3110 757 3170 elatave
771 3109 924 3180 δεκαπέντε,
1007 3146 1010 3152 -

275 3211 339 3265 ὀποῦ
354 3206 488 3269 σκότωσαν
502 3206 545 3266 τὸν
561 3207 641 3285 βοσκὸ
655 3206 704 3276 στὴ
720 3206 789 3285 μέση
802 3208 841 3264 τῶ
853 3204 993 3285 προὸἄτω.
1059 3250 1062 3256 .

279 3306 362 3364 Κλαῑν
375 3326 419 3362 ταν
435 3303 527 3387 τᾶρνιά
539 3326 597 3376 του,
612 3304 689 3363 κλαὶν
701 3326 768 3369 τονε,
783 3305 859 3362 κλαῖν
872 3323 915 3359 ταν
929 3300 973 3385 >tal
987 3299 1018 3358 τὰ
1034 3299 1151 3380 μεγάλα·

277 3401 362 3476 μᾶναν
377 3401 435 3477 ἀρνὶ
440 3445 448 3473 ,
466 3399 546 3460 καλὸν
558 3400 615 3482 ἀρνὶ
627 3399 721 3460 ἔκαθσε
735 3399 779 3458 καὶ
794 3397 945 3480 τραγαύδιε·

275 3498 346 3574 ptari
360 3500 419 3580 ’ραι
432 3495 465 3572 τὴ
478 3498 562 3574 μάννα
578 3483 640 3576 μον,
655 3497 701 3560 καὶ
710 3495 744 3556 τὰ
757 3496 865 3574 planesel
880 3500 909 3573 μ’
920 3495 1038 3578 ἀδέρφη·,

886 3593 1070 3674 (Creticum.)

158 3746 294 3820 Prodite,
308 3752 339 3808 et
351 3747 481 3808 clamate
495 3747 658 3828 Georgium

158 3851 192 3906 ut
208 3849 259 3907 eat
272 3844 311 3906 ad
326 3843 404 3910 ovile
418 3860 519 3917 suum,
534 3844 572 3906 ad
582 3860 707 3923 gregem
720 3842 861 3905 orbatum
877 3849 1009 3923 pastore.

159 3941 257 4004 Hodie
267 3942 333 4021 jam
345 3947 418 4003 sunt
431 3940 609 4021 quindecim
621 3940 698 4015 dies,

157 4057 194 4100 ex
210 4056 273 4121 quo
287 4039 366 4101 inter
380 4040 515 4117 pecudes
528 4044 685 4117 pastorem
698 4045 883 4102 necaverunt
890 4057 900 4116 ;

159 4144 189 4198 et
201 4154 274 4198 eum
289 4135 404 4199 delient
415 4137 495 4214 agni,
509 4153 580 4198 eum
597 4136 776 4216 grandiores
789 4135 913 4198 delient.
